2020 3412
263 295 348 338 420
816 334 820 338 .
921 293 1218 336 PHORMIO.

379 408 492 452 Satis
523 424 601 465 pro
635 407 828 464 imperio,
866 406 1060 464 quisquis
1099 422 1156 448 es.
1228 404 1315 447 An.
1359 404 1483 447 Geta.
1567 404 1640 447 Ge.
1671 403 1773 462 Ipse
1811 409 1877 448 est

436 490 564 531 quem
583 474 701 516 volui
722 473 903 515 obviam.

377 539 464 581 An.
503 539 616 581 Cedo
651 539 756 595 quid
786 542 944 594 portae,
988 537 1159 578 obsecro
1173 535 1194 578 Ρ
1241 540 1369 592 atque
1400 535 1459 586 id,
1500 534 1537 576 si
1573 538 1707 591 potes,
1746 533 1876 577 verbo

383 605 674 712 nggzzziiam.
734 667 821 709 An.
854 667 1078 723 Eloquere.
1145 667 1216 709 Ge.
1249 667 1380 709 Modo
1414 666 1528 722 apud
1556 662 1872 727 portum—An.

436 735 640 776 Meumne
653 733 808 776 P—-Ge,
842 732 1080 775 Intellexti.
1142 732 1229 774 An.
1263 731 1423 774 Occidi.
1491 730 1561 773 Ge.
1594 730 1722 772 Hem.
1829 740 1876 771 20

377 799 463 840 An.
488 799 605 845 Quid
625 798 786 854 agam?
844 798 928 839 Ph.
965 797 1082 845 Quid
1103 797 1165 840 ais
1182 798 1203 840 P
1264 797 1335 840 Ge.
1369 796 1513 853 Hujus
1531 800 1700 852 patrem
1718 794 1875 838 vidisse

434 880 516 915 me,
538 869 743 920 patruum
762 870 898 906 tuum.

377 928 464 970 An.
498 930 614 972 Nam
647 930 762 985 quod
790 933 877 986 ego'
894 929 996 971 huic
1025 944 1142 971 nunc
1167 928 1306 971 subito
1333 927 1465 971 exitio
1488 927 1726 970 remedium
1753 926 1873 969 inve-

436 994 556 1037 niam
574 995 704 1037 miser
717 995 738 1037 P

379 1060 506 1108 Quod
537 1060 574 1102 si
606 1076 655 1103 eo
684 1076 803 1103 meae
832 1060 1029 1103 fortunae
1059 1060 1253 1111 redeunt,
1275 1059 1505 1110 Phanium,
1537 1060 1611 1101 abs
1639 1063 1684 1100 te
1712 1061 1762 1100 ut
1788 1056 1872 1100 dis-

435 1126 597 1176 trahar,

377 1189 511 1233 Nulla
546 1195 610 1232 est
641 1190 752 1232 mihi
782 1190 873 1244 Vita
907 1190 1159 1246 expetenda.
1226 1190 1297 1232 Ge.
1330 1189 1449 1246 Ergo
1482 1188 1613 1231 istaec
1647 1203 1781 1245 quum
1811 1187 1875 1230 ita

436 1254 536 1305 sint,
559 1254 768 1310 Antipho,

378 1319 516 1362 Tanto
548 1320 688 1376 magis
716 1324 761 1362 te
795 1320 1034 1377 advigilare
1065 1335 1249 1377 aequum
1277 1324 1353 1362 est.
1415 1319 1567 1362 Fortes
1595 1318 1769 1361 fortuna
1797 1317 1872 1360 ad-

431 1384 569 1441 juvat.
1828 1394 1873 1425 25

376 1449 462 1491 An.
495 1450 596 1492 Non
616 1465 711 1492 sum
730 1450 845 1505 apud
863 1465 943 1492 me.
1011 1450 1081 1492 Ge.
1113 1448 1254 1506 Atqui
1273 1465 1378 1505 opus
1398 1454 1462 1492 est
1481 1464 1596 1491 nunc
1618 1461 1871 1505 quummax-

435 1515 521 1557 11118
541 1519 590 1556 ut
610 1515 679 1566 sis,
701 1514 923 1571 Antipho3

378 1580 495 1622 Nam
515 1581 551 1622 si
571 1580 750 1623 senserit
770 1585 813 1622 te
833 1580 1035 1622 timidum
1053 1584 1176 1636 pater
1196 1595 1298 1630 esse,
1321 1578 1600 1622 arbitrabitur

380 1645 689 1688 Commeruisse
721 1646 902 1702 culpam.
963 1646 1046 1687 Ph.
1079 1646 1174 1688 Hoc
1208 1660 1359 1688 verum
1390 1649 1466 1687 est.
1525 1644 1612 1686 An.
1644 1643 1746 1687 Non
1774 1658 1869 1699 pos-

437 1727 532 1773 sum
552 1712 832 1753 immutarier.

389 1776 460 1819 Ge.
496 1776 612 1823 Quid
632 1777 803 1827 faceres,
826 1777 863 1819 si
884 1776 1057 1833 gravius
1078 1776 1197 1818 aliud
1215 1775 1298 1818 tibi
1316 1791 1431 1817 nunc
1452 1774 1696 1817 faciendum
1714 1773 1824 1816 foret
1837 1773 1859 1815 Ρ

378 1840 465 1883 An.
501 1841 646 1888 Quum
676 1842 756 1884 hoc
787 1857 875 1884 non
903 1857 1087 1897 possum,
1118 1842 1229 1883 illud
1257 1841 1400 1883 minus
1430 1855 1608 1896 possem.
1673 1838 1745 1881 Ge.
1776 1838 1873 1891 Hoc

436 1906 550 1948 nihil
570 1911 646 1958 est,
668 1906 882 1948 Phaedria
898 1923 906 1948 :
938 1907 1067 1949 ilicet.
1796 1929 1808 1944 ι
1825 1915 1873 1945 3ο

310 2006 361 2036 18.
409 2005 500 2036 Satis
531 2014 595 2044 pro
633 2006 779 2044 imperio,
814 2005 959 2045 quisquis·
996 2005 1043 2045 es]
1091 2003 1245 2045 quaeso,’'
1281 2005 1332 2035 De
1364 2003 1498 2035 Finibus
1519 2003 1564 2034 iii.
1588 2003 1620 2034 4.
1665 2001 1872 2033 Commenta-

263 2046 359 2077 ‘You
371 2047 467 2087 speak
482 2048 740 2087 authoritatively
751 2048 889 2087 enough,
903 2048 1048 2078 whoever
1091 2051 1158 2078 tors
1184 2050 1281 2088 quote
1311 2057 1330 2077 a
1359 2046 1606 2086 corresponding
1641 2044 1752 2085 saying
1787 2043 1871 2074 stom

264 2099 329 2130 you
337 2090 413 2120 are!
461 2093 469 2107 ‘
482 2091 542 2120 Pro
558 2091 691 2130 imperio
706 2090 714 2104 ’
730 2091 757 2120 is
773 2091 952 2130 commonly
969 2090 1048 2120 used
1092 2090 1281 2127 Menander,
1314 2089 1422 2130 τόλμῃ
1452 2087 1562 2130 δικαίᾳ
1593 2087 1646 2118 καὶ
1678 2087 1760 2124 θεὸς
1789 2087 1871 2117 συλ-

264 2133 395 2172 inLivy
409 2135 444 2162 to
459 2143 586 2173 express
597 2133 653 2163 the
664 2133 817 2163 assertion
831 2133 867 2163 of
874 2133 1046 2172 authority.
1091 2132 1272 2171 λαμβάνει,
1306 2132 1370 2162 and
1403 2132 1485 2162 from
1519 2130 1703 2170 Sophocles,
1732 2129 1773 2160 οὐ
1798 2130 1872 2166 τοῖς

266 2174 327 2205 See
351 2175 373 2205 i.
401 2176 462 2205 51:
489 2176 567 2206 “Et
591 2176 665 2215 quia
693 2185 751 2215 pro
780 2175 914 2215 imperio
941 2175 1047 2214 palam
1092 2174 1235 2214 ἀθύμως
1251 2173 1272 2212 ἡ
1290 2175 1378 2213 τυχὴ
1396 2172 1643 2214 συλλαμβάνει.

264 2216 402 2247 interfici
425 2227 491 2248 non
517 2221 652 2258 poterat,
679 2217 788 2248 oblato
811 2218 891 2248 salso
916 2218 1046 2248 crimine
1134 2218 1186 2247 26.
1210 2217 1287 2247 Non
1301 2226 1372 2247 eum
1388 2216 1477 2255 apud
1490 2216 1557 2253 me]
1583 2215 1682 2246 ‘Iam
1693 2213 1800 2245 notin
1814 2224 1871 2255 my

263 2259 424 2290 insontem
457 2259 648 2300 oppressit.”
695 2260 728 2290 It
757 2270 820 2290 was
849 2270 869 2290 8
897 2269 1046 2290 common
1090 2268 1209 2289 senses.
1257 2259 1320 2290 Get
1334 2259 1416 2295 well,
1432 2259 1458 2289 it
1472 2259 1500 2289 is
1515 2258 1571 2289 the
1585 2267 1674 2288 more
1693 2258 1870 2298 important

263 2301 416 2342 practical
427 2301 503 2340 joke
517 2306 552 2333 to
568 2302 627 2332 call
642 2302 723 2332 aster
738 2302 839 2332 slaves
854 2302 947 2332 when
969 2301 1044 2342 they
1089 2311 1161 2332 now
1186 2302 1266 2332 than
1285 2311 1358 2332 ever
1382 2302 1410 2332 it
1432 2311 1495 2332 was
1515 2301 1587 2331 that
1605 2310 1669 2341 you
1687 2300 1803 2331 should
1816 2299 1870 2338 be,

263 2353 346 2375 were
367 2344 465 2384 going
483 2354 526 2375 on
550 2345 634 2375 their
654 2345 803 2381 errands3
826 2345 888 2375 and
904 2355 950 2375 we
973 2355 1046 2384 may
1089 2343 1256 2384 Antipho!
1302 2344 1365 2375 For
1395 2347 1479 2374 ‘non
1505 2354 1576 2374 sum
1605 2343 1690 2384 apud
1718 2342 1792 2374 me’
1816 2352 1871 2374 see

263 2396 402 2427 suppose
425 2387 495 2418 that
510 2397 545 2418 as
560 2397 579 2417 a
592 2387 719 2427 general
740 2387 810 2417 rule
830 2387 904 2426 they
920 2387 973 2417 did
988 2390 1046 2418 not
1089 2390 1166 2418 note
1189 2397 1231 2417 on
1257 2387 1376 2418 Heaut.
1401 2397 1431 2417 v.
1457 2388 1484 2418 l.
1505 2388 1566 2423 483
1590 2386 1653 2417 and
1675 2385 1726 2417 sor
1749 2387 1869 2426 ‘quum

263 2439 327 2470 pay
355 2430 450 2460 much
481 2430 639 2460 attention
667 2433 702 2460 to
731 2429 822 2460 these
851 2430 937 2460 calls.
983 2430 1046 2460 For
1090 2428 1246 2460 maxime’
1270 2439 1322 2460 see
1345 2433 1438 2460 notes
1459 2439 1502 2460 on
1522 2429 1644 2460 Andria
1657 2439 1689 2460 v.
1707 2429 1736 2460 l.
1751 2430 1784 2466 4,
1804 2427 1870 2459 and

265 2473 354 2513 ‘ipse
381 2475 431 2503 est
464 2482 559 2513 quem
589 2472 674 2503 volui
711 2471 837 2503 obviam
851 2472 859 2487 ’
897 2482 1046 2512 compare
1092 2472 1218 2512 Hecyra
1232 2472 1253 2503 i.
1270 2475 1301 2503 2.
1317 2474 1370 2504 40.

220 2520 223 2522 '
263 2515 387 2547 Andria
399 2515 445 2545 iii.
461 2517 493 2546 4.
513 2516 548 2546 11
565 2527 572 2545 =
598 2517 618 2532 “
633 2515 823 2554 Opportune
837 2515 889 2545 hic
911 2516 948 2545 fit
967 2515 1047 2546 mihi
1134 2517 1187 2547 29.
1216 2516 1303 2552 Quid
1306 2515 1450 2554 faceres,
1466 2516 1495 2546 εἰ
1513 2515 1647 2555 gravius
1669 2513 1777 2554 aliud]
1825 2513 1868 2544 In

263 2557 389 2589 obviam
401 2556 434 2596 ;”
457 2557 521 2588 and
544 2558 594 2588 for
609 2557 725 2588 ‘cedo’
750 2558 785 2588 in
808 2558 864 2588 the
885 2558 1047 2598 following
1090 2567 1177 2588 some
1201 2558 1305 2598 copies
1331 2558 1386 2589 the
1411 2560 1480 2588 text
1502 2558 1611 2588 stands
1627 2564 1635 2574 ·
1649 2556 1676 2587 si
1689 2556 1776 2587 aliud
1790 2555 1868 2596 quid

263 2601 328 2631 line
343 2610 396 2631 see
410 2602 487 2631 note
501 2609 543 2630 on
561 2600 678 2631 Heaut.
694 2600 735 2630 iv.
753 2601 783 2631 8.
798 2602 829 2630 5.
1089 2601 1236 2640 gravius,'
1275 2601 1336 2631 but
1373 2601 1519 2631 Donatus
1554 2600 1617 2630 had
1654 2603 1713 2630 not
1748 2601 1756 2617 ⁸
1767 2597 1866 2640 quid!

307 2645 361 2675 22.
385 2644 474 2674 Nam
504 2643 590 2683 quod
617 2642 690 2682 eqo]
738 2642 802 2672 For
830 2643 895 2673 this
926 2652 982 2673 use
1012 2643 1049 2673 of
1089 2643 1159 2673 The
1179 2653 1327 2674 common
1346 2646 1415 2674 text
1438 2653 1516 2673 runs
1540 2643 1588 2673 ‘si
1609 2642 1696 2672 aliud
1717 2639 1865 2681 gravius,'

264 2688 274 2704 ⁴
287 2696 360 2716 nam
372 2685 381 2701 '
397 2685 621 2726 interrogative
643 2694 695 2716 see
718 2688 795 2716 note
814 2695 856 2715 on
872 2685 994 2716 Andria
1008 2686 1041 2716 ii.
1087 2686 1190 2716 which
1215 2687 1417 2717 necessitates
1439 2695 1480 2716 an
1501 2686 1607 2715 hiatus
1621 2685 1653 2715 in
1669 2684 1725 2715 the
1748 2683 1866 2714 middle

262 2730 293 2759 2.
310 2730 362 2760 24.
1087 2728 1124 2758 of
1142 2729 1197 2759 the
1223 2732 1372 2759 sentence
1396 2731 1430 2758 at
1451 2727 1521 2758 ‘si.’
1568 2728 1584 2758 I
1609 2727 1689 2757 have
1711 2725 1867 2758 ventui-ed

306 2773 359 2802 25.
383 2771 499 2802 Fortes
515 2770 659 2810 fortuna
688 2769 836 2809 adiuvat]
863 2769 942 2800 This
966 2780 1040 2810 pro-
1085 2771 1244 2802 therefore
1272 2774 1306 2801 to
1335 2774 1501 2810 transpose
1534 2770 1589 2800 the
1618 2769 1731 2807 words,
1761 2769 1866 2799 which

262 2814 338 2844 verb
354 2814 381 2844 is
396 2813 516 2854 quoted
538 2813 580 2853 by
595 2813 706 2844 Cicero
729 2821 817 2842 more
838 2812 917 2842 than
940 2822 1037 2843 once:
1083 2814 1195 2844 mends
1232 2814 1288 2844 the
1324 2817 1425 2844 metro
1467 2812 1602 2842 without
1646 2814 1709 2851 any
1744 2811 1866 2842 violent

260 2858 283 2874 “
299 2856 411 2886 Fortes
425 2856 510 2886 enim
525 2865 591 2886 non
606 2855 700 2886 modo
714 2855 840 2885 fortuna
855 2854 993 2893 adjuvat,
1003 2858 1040 2885 ut
1083 2856 1214 2896 change.

261 2901 311 2928 est
334 2899 368 2928 in
392 2901 499 2929 vetere
527 2897 705 2938 proverbio,
723 2897 784 2937 ,sed
810 2897 912 2927 multo
939 2898 1039 2937 magis
1127 2899 1180 2929 30.
1203 2898 1315 2938 Ilicet]
1364 2898 1424 2928 See
1462 2899 1538 2927 note
1568 2906 1610 2926 on
1637 2895 1814 2926 Eunuchus
1837 2895 1860 2926 i.

260 2941 353 2978 ratio,
370 2950 451 2981 quae
466 2940 656 2981 quibusdam
672 2940 762 2980 quasi
776 2940 951 2979 praeceptis
968 2949 1044 2970 con-
1091 2941 1119 2971 1.
1137 2943 1168 2972 9.
1215 2944 1223 2958 ⁴
1239 2941 1312 2971 Hoc
1326 2940 1406 2970 nihil
1421 2939 1484 2970 est'
1501 2940 1528 2969 is
1548 2939 1664 2978 simply
1679 2938 1862 2978 equivalent-

260 2983 369 3014 firmat
391 2983 456 3014 vim
482 2981 713 3019 fortitudinis,”
757 2982 887 3013 Tuscul.
913 2982 1043 3021 Disput.
1087 2984 1122 3012 to
1139 2985 1146 2999 ‘
1158 2983 1351 3013 conterimus
1370 2992 1499 3022 operam
1522 2980 1653 3012 frustra'
1669 2981 1702 3011 in
1723 2981 1780 3011 the
1800 2980 1862 3011 fol-

261 3025 296 3056 ii.
313 3027 343 3057 4.
378 3028 399 3044 “
412 3026 475 3056 Sed
498 3026 630 3056 fortuna
649 3025 748 3056 fortes
761 3036 768 3055 :
793 3034 891 3066 quare
917 3034 1042 3062 conare,
1085 3024 1204 3066 lowing
1218 3026 1294 3063 line,
1309 3025 1432 3065 though
1447 3034 1488 3055 an
1503 3024 1619 3055 absurd
1635 3023 1788 3064 difficulty
1801 3023 1861 3053 has
