2020 3412
296 237 380 280 fflffl

299 353 448 423 &Dm-io]
483 353 608 385 Phorm.
637 354 681 385 iii.
712 355 743 394 2,
773 354 800 394 1,

328 403 351 422 c.

334 432 468 470 dormio]
497 432 657 462 Interdum
681 439 802 473 propter

295 471 431 501 dormiet.
455 471 535 501 Eun.
552 473 585 501 ii.
598 472 626 509 3,
639 472 684 504 77.
716 473 800 502 Dor-

295 511 409 540 miunt:
431 521 485 550 ego
504 511 553 550 pol
571 512 645 540 istos
666 522 800 541 commo-

295 550 382 579 veb0.
419 550 532 580 Heaut.
562 551 603 580 iv.
632 551 661 586 4,
691 551 717 580 8.
763 551 799 579 In

295 599 400 618 aurem
415 589 563 618 utramvis
578 591 671 618 otiose
686 595 721 618 ut
731 589 799 618 dor-

296 629 380 657 naias.
396 628 508 658 Heaut.
522 629 552 658 ii.
566 628 594 664 3,
609 628 673 657 101.
698 629 801 664 Quid?

295 668 435 696 credebas
458 668 618 696 dormienti
641 668 699 696 tibi
728 667 801 696 haec

295 707 484 735 confecturos
496 706 601 735 Deos?
616 706 748 744 Adelph.
761 707 799 735 iv.

296 744 325 781 5,
349 745 395 774 59.
441 745 555 774 Filiam
584 755 668 774 susce
690 745 715 774 it
736 746 802 784 jam

295 784 652 852 ungmlgumtudormis.
703 784 799 814 horm.

298 833 323 852 v.
362 847 369 860 ,
426 847 432 852 .

335 862 453 900 Dorus]
476 861 556 891 Eun.
572 871 599 891 v.
616 863 645 899 4,
660 861 708 899 57,
723 863 776 893 διο.

334 902 405 940 dos]
430 901 563 931 Unicam
578 906 701 939 gnatam
715 911 801 930 suam

295 951 365 970 cum
381 942 447 970 dote
461 951 581 970 summa
595 941 660 969 filio
674 950 803 970 uxorem

296 984 332 1009 ut
353 980 446 1009 daret.
470 980 553 1009 And.
570 980 588 1008 i.
607 979 633 1017 l,
647 979 694 1011 74.
736 980 803 1009 Dos

296 1024 341 1048 cst
355 1020 458 1048 decem
475 1018 596 1048 talenta.
631 1019 712 1048 And.
730 1029 756 1048 v.
773 1020 802 1055 4,

296 1058 343 1089 47.
387 1058 473 1088 Haec
501 1058 616 1088 talenta
642 1058 719 1087 dolis
752 1059 800 1087 ad-

317 1102 420 1127 oscent
448 1098 516 1127 duo.
565 1098 677 1127 Heaut.
707 1097 748 1127 iv.
774 1098 802 1134 7,

317 1137 344 1166 0.
398 1136 451 1165 Nil
496 1147 550 1166 nos
594 1137 646 1166 dos
688 1142 801 1166 movet.

297 1175 411 1205 Heaut.
438 1186 465 1204 v.
498 1175 524 1211 l,
552 1175 598 1205 66.
654 1176 708 1205 Me
736 1185 804 1205 mea

297 1216 400 1243 omnia
422 1215 500 1244 bona
521 1215 586 1243 doti
603 1215 717 1244 dixisse
744 1213 801 1244 illi.

297 1253 411 1283 Heaut.
439 1264 467 1283 v.
497 1253 523 1290 l,
548 1253 594 1282 69.
647 1253 712 1283 Cur
741 1263 802 1282 non

298 1293 380 1331 quod
398 1293 474 1322 dotis
495 1293 558 1322 dixi
579 1293 704 1322 firmas?
738 1292 803 1322 He-

296 1337 357 1361 aut.
386 1342 414 1360 v.
443 1333 472 1368 5,
497 1332 524 1361 4.
581 1332 722 1361 Primum
757 1332 802 1360 in-

297 1371 401 1400 dotata
431 1375 496 1400 est:
534 1375 602 1399 tum
639 1375 802 1409 praeterea,

298 1420 374 1448 quae
396 1410 528 1439 secunda
545 1411 571 1438 ei
591 1409 644 1438 dos
665 1414 739 1445 erat,
754 1419 803 1448 pe-

297 1449 357 1478 riit.
383 1448 516 1487 Adelph.
532 1449 576 1477 iii.
592 1448 623 1485 2,
638 1448 685 1480 47.
718 1448 805 1477 Uxor

297 1489 364 1517 sine
385 1487 452 1516 dote
472 1488 581 1517 veniet.
615 1487 747 1526 Adelph.
763 1488 803 1516 iv.

297 1527 327 1562 7,
342 1526 389 1555 41.
420 1526 543 1555 Phorm.
561 1537 587 1556 v.
607 1525 634 1562 l,
655 1526 702 1556 30.
746 1526 805 1555 Re-

298 1570 440 1595 numeret
455 1566 551 1595 dotem
567 1565 628 1594 huc
644 1570 700 1594 eat.
726 1565 805 1594 Hec.

297 1605 342 1634 iii.
359 1604 388 1641 5,
403 1604 450 1634 52.
496 1605 531 1633 ld
546 1605 627 1643 quod
647 1603 699 1633 lex
719 1604 807 1642 jubet

297 1644 395 1672 dotem
418 1644 536 1673 daretis.
573 1643 699 1673 Phorm.
719 1644 750 1673 ii.
777 1642 803 1679 l,

298 1682 353 1718 673
377 1683 408 1712 ii.
433 1682 459 1718 3,
482 1682 529 1712 63.
573 1683 683 1712 Dotem
706 1682 731 1712 si
754 1692 803 1711 ac-

298 1722 399 1760 cipiet,
417 1731 496 1751 uxor
520 1722 658 1751 ducenda
681 1726 726 1751 est
749 1721 803 1750 do-

298 1771 388 1790 mum.
411 1761 626 1795 Phorm.iv.4,
641 1760 684 1789 12.
718 1761 804 1797 Quae

298 1800 376 1870 dot7is
390 1800 571 1829 tantundem
586 1800 683 1830 dabat.
711 1799 802 1829 Phor.

299 1849 326 1868 v.
365 1862 372 1875 ‚
388 1839 435 1869 36.

338 1878 467 1913 dotatus]
490 1878 553 1907 Vos
581 1887 631 1907 me
659 1877 805 1906 indotatis

299 1917 390 1946 modo
414 1917 592 1956 patrocinari
613 1918 738 1946 fortasse
759 1926 805 1946 ar-

301 1957 479 1986 bitramini:
504 1957 594 1985 etiam
623 1956 732 1985 dotatis
759 1965 806 1985 so-

299 1995 357 2024 leo.
381 1995 507 2025 Phorm.
524 2005 550 2024 v.
569 1995 598 2031 7,
612 1994 659 2026 47.

304 2047 306 2051 ’
339 2034 474 2073 Dromo]
501 2034 581 2063 And.
605 2033 718 2063 Heaut.
741 2043 806 2072 pas-

300 2082 369 2103 sim.

339 2111 494 2147 drachma,
522 2110 704 2150 drachuma]
742 2111 806 2141 Vix

300 2150 451 2179 drachmis
474 2155 519 2179 est
547 2151 726 2179 obsonatum
755 2151 806 2179 de-

301 2199 377 2218 cem.
412 2189 492 2218 And.
517 2189 550 2218 ii.
575 2189 603 2224 6,
630 2188 678 2217 20.
722 2188 806 2217 Huic

301 2227 539 2257 drachumarum
578 2228 691 2264 argenti
733 2227 807 2256 haec

303 2265 389 2296 mille
397 2267 518 2295 dederat
525 2271 678 2294 mutuum.
692 2265 805 2294 Heaut.

303 2305 350 2334 iii.
368 2305 395 2339 3,
411 2304 458 2334 40.

341 2342 460 2382 dubito]
484 2342 643 2380 Numquid
670 2346 704 2371 tu
724 2341 808 2370 dubi-

302 2385 350 2412 tas
375 2382 450 2421 quin
477 2391 531 2420 ego
558 2391 640 2410 nunc
682 2385 808 2428 ¹rpetuo

302 2420 559 2497 ξ’·ῗὲῗΐρέἓὲε
574 2419 657 2487 Ἠιῖἷὶ,
681 2420 807 2494 aaa&

304 2509 423 2529 menses
431 2498 573 2528 abierunt
583 2496 696 2526 decem.
713 2496 808 2526 Adel-

304 2537 356 2576 phi
371 2539 412 2567 iv.
428 2537 458 2573 5,
471 2536 518 2568 57.

343 2575 464 2615 dubius]
502 2575 573 2605 Non
601 2573 722 2604 dubium
752 2578 807 2608 est.

304 2617 378 2654 quin
394 2625 521 2644 uxorem
532 2613 609 2643 nolit
620 2613 708 2642 filius.
726 2613 807 2642 And.

304 2655 323 2684 i.
340 2655 368 2687 2,
387 2654 411 2683 l.
445 2653 525 2683 Eun.
543 2663 574 2682 v.
588 2652 617 2688 6,
632 2651 680 2684 27.
722 2651 808 2681 Dum

305 2694 338 2723 iu
352 2693 442 2722 dubio
466 2697 510 2721 cst
534 2691 666 2720 animus.
689 2691 770 2720 And.
786 2691 808 2720 i.

306 2732 335 2766 5,
362 2732 413 2761 31.
457 2731 529 2761 Mea
555 2730 678 2769 quidem
707 2728 809 2759 hercle

305 2775 386 2800 certe
411 2771 443 2799 in
464 2769 553 2799 dubio
574 2769 636 2798 vita
649 2774 702 2798 est.
726 2767 807 2798 And.

306 2810 338 2838 ii.
370 2809 396 2846 1,
427 2808 471 2838 10.
527 2808 631 2837 Etiam
662 2807 698 2836 de
730 2812 809 2836 sorte

306 2858 388 2877 nunc
403 2849 493 2877 venio
507 2847 537 2875 in
553 2846 683 2879 dubium,
695 2846 810 2875 miser?

308 2886 440 2925 Adelph.
456 2886 485 2915 ii.
501 2885 530 2922 2,
551 2885 597 2914 35.
642 2885 709 2914 Tua
730 2885 810 2914 fama

305 2931 336 2955 et
350 2930 457 2963 gnatae
481 2925 546 2953 vita
566 2925 598 2953 in
623 2923 745 2953 dubium
758 2933 809 2952 ve-

305 2964 379 2993 niet.
403 2963 534 3002 Adelph.
550 2963 594 2992 iii.
610 2962 639 2998 2,
654 2963 717 2992 42:
744 2962 809 2992 Sci-

307 3003 376 3032 bam
403 3001 525 3032 dubium
557 3001 712 3031 fortunam
746 3011 809 3031 esse

1005 240 1203 286 INDEX

846 355 1005 386 scenicam.
1030 356 1107 385 Hec.
1125 354 1192 385 Alt.
1219 354 1301 384 Prol.
1323 355 1352 385 8.

847 394 952 462 0⁰{na
965 395 1056 424 dubia
1068 394 1237 434 apponitur.
1259 394 1352 424 Phor.

846 434 874 463 ii.
913 457 919 468 ,
935 434 983 463 28.

885 473 969 509 duco,
983 472 1126 506 eaistimo,
1133 471 1252 511 judico]
1275 472 1354 502 Lau-

846 511 917 540 dine
931 521 970 540 an
991 512 1067 540 vitio
1091 511 1162 540 duci
1185 511 1215 540 id
1238 511 1353 540 sactum

846 555 989 588 oporteat.
1046 550 1125 579 Eam
1153 549 1275 579 laudem
1305 550 1354 579 hic

846 589 1108 618 ducitmaximam.
1124 588 1256 628 Adelph.
1271 589 1354 619 Prol.

847 627 875 662 5,
907 628 952 658 18.
996 628 1067 657 Non
1095 638 1166 658 eum
1195 628 1354 658 hominem

846 667 989 696 ducerem.
1014 667 1090 696 Hec.
1106 668 1146 696 iv.
1165 666 1192 704 1,
1204 667 1251 697 40.
1294 667 1355 696 Pro

847 705 999 735 alimentis
1012 716 1076 736 esse
1090 716 1172 735 nunc
1182 707 1256 735 duco
1267 706 1353 736 datis.

849 745 963 775 Heaut.
984 745 1025 776 ἰν.
1055 745 1084 781 7,
1111 745 1140 775 8.
1181 745 1237 774 Bis
1256 745 1355 775 facere

849 784 944 814 stulte
955 785 1039 814 duco.
1064 784 1141 814 Hec.
1158 785 1199 815 iii.
1215 784 1245 821 2,
1261 784 1287 814 8.
1318 784 1356 814 Id

847 822 931 852 laudi
943 823 1034 855 ducis.
1059 823 1190 862 Adelph.
1207 824 1225 853 i.
1242 823 1271 860 2,
1286 823 1335 853 25.

887 863 979 901 duco]
1014 862 1079 892 Nec
1106 863 1258 901 opinantis
1286 863 1357 892 duci

849 901 925 930 falso
951 902 1070 940 gaudiO.
1108 902 1190 931 And.
1218 903 1236 932 i.
1268 901 1297 937 2,
1325 901 1353 931 9.

850 940 952 970 Hodie
967 951 1094 970 uxorem
1108 941 1212 970 ducis?
1228 941 1309 970 And.
1323 941 1353 970 ii.

851 979 877 1015 l,
893 979 940 1009 21.
983 980 1077 1010 Dzwit
1101 990 1205 1009 secum
1220 990 1281 1010 una
1295 980 1356 1009 vir-

849 1021 959 1058 ginem.
983 1019 1064 1049 Eun.
1081 1019 1113 1049 ii.
1131 1018 1155 1056 l,
1167 1019 1214 1049 23.
1251 1019 1356 1056 Quan-

849 1059 1013 1096 doquidem
1024 1058 1159 1088 ducenda
1170 1063 1225 1095 est,
1238 1063 1356 1097 egomet

849 1097 945 1127 habeo
951 1098 1167 1136 propemodum
1177 1108 1268 1136 quam
1275 1097 1354 1127 volo.

850 1136 963 1166 Heaut.
987 1147 1017 1166 v.
1042 1136 1070 1172 5,
1098 1136 1146 1165 20.
1188 1137 1302 1166 Jurans
1325 1146 1356 1166 se

849 1175 934 1205 illam
944 1176 1101 1205 ducturum
1111 1176 1244 1205 domum.
1259 1174 1356 1204 Adel-

848 1214 900 1252 phi
917 1215 961 1244 iii.
978 1215 1007 1251 4,
1020 1214 1070 1245 27.
1114 1214 1240 1251 sectari,
1255 1214 1287 1243 in
1308 1214 1356 1243 lu-

849 1253 922 1282 dum
937 1254 1042 1282 ducere
1051 1258 1082 1282 et
1092 1254 1245 1283 reducere.
1263 1253 1354 1283 Phor.

850 1293 869 1321 i.
894 1291 924 1327 2,
947 1292 995 1322 36.
1039 1292 1126 1322 Uxor
1152 1292 1288 1321 ducenda
1311 1297 1356 1322 est

850 1331 986 1361 domum.
1010 1331 1135 1360 Phorm.
1151 1333 1191 1361 iv.
1210 1331 1239 1367 4,
1256 1330 1303 1360 12.

888 1369 992 1409 ducto]
1017 1370 1065 1399 Tu
1081 1371 1162 1399 inter
1180 1380 1230 1399 eas
1250 1371 1356 1399 restim

849 1409 974 1439 ductans
994 1409 1125 1439 saltabis.
1157 1408 1288 1447 Adelph.
1315 1410 1355 1438 iv.

850 1448 878 1480 7.
895 1448 942 1478 34.
987 1448 1088 1477 Meam
1112 1448 1211 1478 duoles
1231 1448 1358 1487 gratiis?

851 1487 976 1516 Phorm.
993 1487 1033 1516 iii.
1049 1486 1078 1523 2,
1095 1486 1140 1517 15.

889 1524 1021 1565 dudum]
1041 1525 1158 1555 Audivi
1167 1526 1355 1565 jamdudum.

854 1564 935 1594 And.
952 1566 972 1594 i.
989 1566 1018 1601 4,
1035 1564 1063 1595 1.
1107 1565 1207 1602 Quam
1221 1565 1358 1595 dudum?

854 1604 893 1633 D.
926 1604 1030 1634 Modo.
1068 1603 1148 1634 Eun.
1177 1605 1217 1633 iv.
1246 1605 1276 1640 4,
1310 1603 1357 1633 30.

854 1643 1004 1672 Incertior
1017 1653 1085 1672 sum
1094 1642 1194 1672 multo
1226 1653 1294 1672 uam
1304 1643 1359 1672 du-

853 1682 932 1711 dum.
957 1682 1082 1711 Phorm.
1098 1682 1129 1711 ii.
1145 1682 1175 1718 4,
1192 1653 1236 1712 ὦ.

893 1722 995 1760 duim]
1030 1721 1075 1750 At
1106 1722 1163 1751 tibi
1194 1721 1237 1750 Di
1264 1721 1358 1751 duint.

857 1761 942 1790 And.
984 1761 1025 1789 iv.
1069 1759 1096 1797 l,
1135 1759 1183 1789 43.
1233 1760 1362 1792 Phorm.

855 1799 899 1829 iii.
928 1799 958 1835 2,
987 1799 1043 1835 34;
1079 1810 1107 1829 v.
1141 1799 1171 1835 7,
1200 1798 1246 1829 83.
1297 1800 1360 1828 Cu-

856 1839 927 1867 rabo
942 1848 979 1868 ne
996 1839 1069 1877 quid
1085 1839 1247 1867 verborum
1264 1838 1359 1868 duint.

856 1877 982 1906 Phorm.
999 1878 1038 1907 iv.
1056 1877 1085 1913 5,
1115 1877 1141 1906 1.
1184 1877 1227 1906 Di
1248 1876 1361 1907 melius

855 1916 951 1946 duint.
978 1916 1099 1946 Phorm.
1116 1926 1145 1945 v.
1161 1916 1189 1953 8,
1207 1915 1252 1946 16.

895 1955 1001 1993 dulcis}
1023 1955 1081 1984 Cui
1096 1955 1173 1984 nihil
1191 1956 1256 1994 jam
1277 1965 1362 1994 prae-

857 1995 1049 2062 ter2prgtium
1068 1993 1151 2023 dulce
1170 1999 1224 2024 est.
1247 1994 1361 2024 Heaut.

857 2043 889 2063 11.
928 2057 935 2068 ,
968 2056 974 2063 .

896 2071 984 2140 dum}
1008 2072 1094 2102 Dum
1112 2076 1231 2110 tempus
1245 2072 1281 2101 ad
1296 2081 1363 2101 eam

858 2121 921 2140 rem
937 2116 970 2140 tu
986 2111 1019 2141 it.
1043 2111 1125 2140 And.
1141 2111 1161 2140 i.
1177 2110 1207 2147 2,
1221 2110 1266 2143 17.
1290 2110 1364 2139 Pro-

857 2150 912 2186 fer,
944 2150 1018 2178 dum
1069 2149 1219 2178 roficiscor
1250 2149 1362 2187 aliquo.

859 2189 941 2217 And.
957 2188 988 2217 ii.
1007 2187 1033 2223 l,
1070 2188 1098 2217 6.
1139 2188 1224 2218 Dum
1239 2187 1363 2216 licitum

858 2231 904 2255 est
939 2226 977 2263 ei,
1011 2226 1080 2255 dum
1106 2235 1143 2255 ue
1169 2232 1250 2255 aetas
1279 2226 1361 2255 tulit.

860 2265 942 2294 And.
962 2265 994 2293 ii.
1017 2264 1046 2300 6,
1063 2263 1076 2292 l
1102 2287 1108 2293 .
1151 2264 1266 2303 Capitis
1286 2264 1364 2303 peri—

858 2302 940 2332 clum
951 2303 1043 2339 adire,
1055 2302 1126 2331 dum
1137 2303 1259 2341 prosim.
1280 2303 1362 2332 And.

858 2342 899 2370 iv.
918 2341 1001 2378 1,53.
1038 2341 1168 2377 Quidvis
1183 2342 1280 2380 cupio,
1291 2342 1361 2370 dum

859 2390 897 2409 ne
911 2381 948 2409 ab
963 2380 1019 2409 hoc
1037 2389 1086 2409 me
1100 2379 1166 2408 falli
1188 2381 1366 2419 comperiar.

862 2420 943 2448 And.
960 2429 987 2448 v.
999 2419 1027 2454 3,
1040 2417 1086 2447 31.
1128 2418 1213 2448 Dum
1227 2425 1272 2448 est
1288 2424 1364 2448 tem-

859 2467 922 2495 pus.
955 2457 1036 2486 Eun.
1058 2458 1078 2486 i.
1101 2456 1128 2492 l,
1144 2456 1188 2487 ll.
1233 2457 1364 2496 Exspec-

860 2497 939 2532 tabo,
962 2496 1034 2525 dum
1052 2497 1146 2525 venit.
1189 2496 1268 2526 Eun.
1292 2497 1312 2526 i.
1335 2496 1363 2533 2,

862 2534 928 2564 126.
970 2535 1140 2573 Tantisper,
1153 2535 1225 2564 dum
1240 2536 1320 2573 quod
1334 2541 1364 2565 te

860 2574 985 2612 dignum
1004 2578 1049 2602 est
1069 2574 1168 2603 facies.
1206 2574 1319 2604 Heaut.
1344 2575 1362 2604 i.

862 2611 888 2648 1,
903 2611 950 2642 55.
994 2612 1101 2651 Neque
1122 2613 1288 2641 etiamdum
1310 2615 1365 2642 scit

859 2657 951 2689 pater.
976 2650 1087 2680 Heaut.
1104 2651 1136 2680 ii.
1154 2651 1237 2687 1‚l7.
1279 2651 1362 2681 Dum

861 2690 1043 2726 moliuntur,
1054 2689 1124 2718 dum
1140 2695 1298 2726 conantur,
1312 2701 1366 2719 an-

860 2739 918 2757 nus
950 2734 1003 2758 est.
1055 2728 1169 2758 Heaut.
1199 2730 1230 2757 ii.
1259 2729 1287 2765 2,
1319 2729 1363 2758 ll.

861 2768 946 2796 Haec
986 2766 1058 2795 dum
1095 2767 1229 2805 incipias,
1264 2769 1367 2806 gravia

861 2811 942 2843 sunt,
957 2806 1088 2842 dumque
1102 2806 1226 2844 ignores.
1251 2806 1363 2836 Heaut.

860 2855 888 2874 v.
905 2845 933 2880 5,
950 2844 994 2874 14.
1038 2844 1196 2879 Quidum?
1229 2845 1302 2874 Hec.
1319 2846 1364 2876 iii.

862 2883 889 2921 l,
901 2884 948 2913 39.
992 2881 1132 2911 Dicdum
1144 2893 1263 2921 quaeso.
1287 2884 1363 2915 Hec.

860 2933 888 2952 v.
899 2922 928 2958 3,
937 2922 965 2952 5.
995 2921 1159 2951 Manedum
1171 2923 1264 2951 sodes.
1287 2923 1363 2952 Hec.

861 2972 889 2991 v.
914 2962 943 2998 4,
968 2960 995 2990 4.
1039 2960 1174 2990 Vixdum
1201 2962 1362 2991 dimidium

860 3001 1007 3030 dixeram.
1030 2999 1154 3029 Phorm.
1171 2999 1211 3030 iv.
1227 2999 1256 3038 2,
1271 3000 1298 3030 4.

1543 355 1671 386 Passim.

1442 395 1506 433 dup
1517 397 1564 430 ew]
1604 393 1728 434 Duplex
1761 403 1838 433 quae
1871 403 1910 424 cx

1403 439 1647 472 argumento-est
1667 434 1746 464 facta
1765 433 1908 473 simplici.

1405 473 1518 502 Heaut.
1541 473 1623 503 Prol.
1647 472 1674 503 6.
1715 472 1771 502 Du
1792 472 1842 503 lim·
1859 483 1911 513 spo

1405 513 1492 542 utier.
1517 511 1642 542 Phorm.
1658 513 1699 542 iv.
1714 511 1744 548 2,
1780 511 1806 542 3.

1443 551 1574 590 duriter]
1591 552 1706 581 Pudice
1719 551 1812 580 vitam
1825 561 1911 590 parce

1403 600 1437 619 ac
1454 590 1572 619 duriter
1591 590 1704 629 agebat.
1748 590 1830 620 And.
1845 591 1865 619 i.
1882 588 1911 627 I,

1404 629 1454 663 47.
1495 629 1622 668 Semper
1641 628 1727 668 parce
1740 639 1775 658 ac
1795 629 1912 659 duriter

1405 678 1436 697 se
1458 668 1575 698 habere.
1622 668 1752 707 Adelph.
1775 669 1797 698 i.
1819 667 1847 705 l,
1861 668 1910 698 20.

1406 707 1534 775 Facguga
1546 718 1564 737 a
1575 708 1661 737 vobis
1668 707 1794 737 duriter.
1818 707 1911 738 Adel.

1404 747 1444 776 iv.
1459 766 1466 775 .
1482 769 1489 782 ,
1525 747 1551 776 8.
1858 749 1861 751 ’

1443 786 1576 823 duritia]
1598 785 1750 815 Timetne
1762 789 1814 815 tua
1824 785 1912 815 duri-

1404 824 1448 853 tia
1467 825 1593 863 antiqua
1610 824 1665 854 illa
1677 825 1772 854 etiam
1785 825 1913 854 adaucta

1405 864 1453 893 sit.
1478 863 1591 894 Heaut.
1607 864 1649 893 iii.
1668 863 1693 900 l,
1707 863 1756 893 26.

1444 903 1535 942 duro]
1576 903 1647 933 Non
1662 902 1763 932 hercle
1778 902 1830 932 hic
1843 903 1912 942 qui-

1405 942 1475 971 dem
1496 942 1610 971 durare
1655 943 1804 980 uisquam,
1821 942 1847 972 si
1869 942 1917 972 sic

1405 981 1451 1017 fit,
1487 985 1572 1011 otest.
1601 953 1732 1020 Adelph.
1749 982 1790 1010 iv.
1805 980 1834 1017 2,
1851 980 1899 1011 15.

1467 1019 1554 1059 urus]
1577 1020 1685 1050 Duras
1697 1020 1799 1050 fratris
1833 1025 1912 1050 artes

1404 1060 1565 1098 praedicas.
1596 1059 1677 1089 Eun.
1694 1060 1724 1088 ii.
1740 1058 1796 1096 3,6
1819 1083 1825 1089 .
1869 1059 1913 1089 Os

1405 1098 1524 1128 durum.
1548 1098 1629 1128 Eun.
1646 1097 1726 1134 iv.7,
1737 1098 1783 1128 36.
1820 1098 1912 1135 Quod

1405 1136 1496 1166 illum
1506 1137 1667 1167 insimulat
1676 1137 1797 1174 durum,
1806 1137 1838 1167 id
1849 1147 1912 1167 non

1405 1180 1460 1206 est.
1476 1184 1478 1188 ’
1497 1176 1609 1206 Heaut.
1638 1177 1657 1206 i.
1686 1176 1716 1213 2,
1743 1176 1790 1206 30.
1847 1176 1912 1206 Diu

1406 1215 1499 1244 etiam
1513 1216 1608 1244 duras
1622 1216 1714 1245 dabit.
1752 1214 1865 1245 Heaut.
1878 1216 1910 1245 ii.

1405 1254 1435 1291 4,
1449 1254 1497 1284 22.
1540 1255 1621 1284 Satis
1639 1254 1716 1293 jam,
1738 1256 1808 1284 satis
1866 1258 1914 1284 ter

1405 1294 1500 1323 durus
1517 1294 1573 1323 sui.
1617 1294 1730 1323 Heaut.
1754 1294 1798 1323 iii.
1841 1317 1850 1330 ‚
1865 1293 1912 1324 30.

1407 1332 1569 1362 Nimiumi
1594 1343 1624 1362 se
1635 1338 1681 1362 est
1692 1333 1795 1362 durus.
1820 1331 1912 1363 Adel.

1407 1371 1427 1400 i.
1446 1370 1473 1407 l,
1490 1370 1538 1401 39.
1598 1372 1673 1401 itam
1687 1372 1809 1408 duram,
1820 1381 1914 1410 quam

1408 1410 1472 1439 vixi
1501 1420 1597 1449 usque
1629 1410 1728 1440 adhuc
1743 1432 1750 1439 .
1766 1433 1774 1440 .
1789 1433 1797 1441 .
1814 1411 1912 1440 mitto.

1409 1448 1542 1487 Adelph.
1559 1460 1587 1480 v.
1599 1450 1628 1486 4,
1640 1450 1668 1479 5.
1698 1449 1782 1479 nlud
1792 1449 1912 1480 durum.

1409 1488 1533 1534 Phorm.
1550 1489 1582 1518 ii.
1601 1488 1629 1526 l,
1647 1489 1676 1518 8.
1718 1488 1914 1534 Provinciam

1407 1527 1612 1596 {33¹⁵‘251‘2‘33
1615 1527 1824 1605 'ifigeffss⁰{ssi.
1837 1527 1915 1596 ἓαῗό

1409 1610 1441 1651 te
1452 1609 1551 1674 aquie2
1557 1605 1738 1636 inexorabili
1748 1607 1763 1636 Ρ
1788 1605 1913 1636 Phorm.

1409 1654 1452 1674 111.
1489 1667 1497 1682 ,
1553 1668 1560 1675 .

1442 354 1518 424 ...3

1448 1761 1500 1800 Ε]
1522 1761 1677 1791 Gravidae
1690 1761 1852 1801 Pamphilo
1860 1766 1915 1792 est.

1412 1800 1492 1830 And.
1509 1801 1529 1831 i.
1545 1801 1573 1837 3,
1591 1800 1641 1842 ll,
1679 1801 1812 1830 Laborat
1830 1811 1845 1830 e
1864 1801 1918 1830 do·-

1410 1838 1483 1869 lore.
1518 1840 1596 1869 And.
1612 1840 1632 1869 i.
1647 1839 1676 1876 5,
1692 1839 1739 1870 33.
1780 1840 1816 1870 Ε
1829 1840 1917 1869 Davo

1411 1878 1523 1908 audivi.
1554 1878 1636 1908 And.
1657 1879 1689 1908 ii.
1708 1878 1735 1915 l,
1751 1877 1779 1908 2.
1821 1879 1917 1917 Pepe-

1411 1917 1486 1946 risse
1499 1917 1578 1947 hanc
1591 1928 1606 1947 e
1621 1917 1791 1957 Pamphilo.
1834 1918 1918 1948 And.

1413 1956 1455 1986 iii.
1471 1956 1501 1993 2,
1519 1956 1564 1989 17.
1607 1956 1700 1986 Illam
1719 1966 1735 1986 e
1755 1966 1827 1986 cons
1847 1961 1918 1986 ectu

1412 1995 1596 2025 amisimeo.
1627 1995 1707 2025 Eun.
1723 1996 1758 2024 ii.
1772 1995 1800 2032 3,
1836 2018 1844 2026 .
1884 1995 1921 2026 E

1414 2034 1566 2064 Corintho
1581 2057 1588 2064 .
1605 2057 1612 2064 .
1629 2055 1636 2064 .
1653 2044 1738 2063 anus.
1766 2034 1879 2064 Heaut.
1896 2035 1916 2064 i.

1416 2072 1441 2108 l,
1463 2073 1510 2102 44.
1551 2073 1587 2102 E
1608 2074 1680 2102 navi
1701 2083 1717 2102 e
1737 2073 1918 2104 redientem.

1414 2111 1528 2141 Heaut.
1553 2111 1626 2147 512,
1649 2111 1677 2142 8.
1709 2124 1716 2128 ·
1778 2121 1810 2141 re
1837 2117 1917 2142 nata.

1415 2150 1547 2188 Adelph.
1575 2150 1618 2179 iii.
1649 2149 1677 2185 l,
1700 2149 1728 2180 8.
1778 2150 1814 2180 E
1838 2150 1919 2180 lecto

1414 2198 1542 2226 surgere.
1567 2188 1699 2227 Adelph.
1715 2189 1755 2218 iv.
1775 2188 1801 2226 l,
1816 2190 1843 2218 4.
1885 2189 1922 2219 Ε

1413 2228 1513 2256 medio
1534 2228 1687 2256 excedere.
1731 2228 1811 2257 Hec.
1832 2228 1871 2258 iv,
1889 2228 1919 2265 3,

1416 2264 1460 2294 14.
1504 2266 1639 2295 Unctum
1657 2270 1748 2312 atque
1770 2266 1890 2296 lautum
1903 2277 1920 2296 c

1414 2304 1537 2334 balneis.
1561 2305 1685 2334 Phorm.
1698 2306 1727 2334 1i.
1740 2305 1769 2342 2,
1780 2305 1829 2336 25.
1868 2306 1920 2335 Ad
1950 2331 1954 2333 ,

1414 2343 1569 2381 scopulum
1577 2353 1592 2372 e
1599 2343 1776 2383 tranquillo.
1793 2344 1918 2374 Phorm.

1415 2382 1454 2411 ἰν.
1481 2383 1510 2418 4,
1533 2382 1560 2412 8.
1602 2382 1638 2412 Ε
1657 2383 1758 2412 medio
1781 2384 1918 2413 excessit.

1415 2420 1541 2450 Phorm.
1566 2431 1594 2449 v.
1622 2421 1652 2458 7,
1675 2421 1721 2453 74.
1762 2421 1798 2451 Ε
1819 2422 1919 2452 medio

1414 2460 1499 2489 abiit.
1523 2459 1648 2489 Phorm.
1663 2470 1692 2490 v.
1708 2461 1739 2496 8,
1753 2460 1800 2490 30.

1453 2498 1543 2533 ebibo]
1559 2499 1642 2535 Quid
1650 2499 1811 2528 comedent
1818 2501 1834 2529 Ρ
1847 2499 1920 2538 quid

1413 2537 1544 2566 ebibent?
1565 2537 1678 2567 Heaut.
1694 2538 1725 2567 ii.
1742 2537 1770 2574 3,
1787 2536 1832 2567 14.

1453 2576 1566 2614 ebrius]
1592 2576 1696 2612 Quum
1711 2581 1746 2605 tu
1761 2581 1862 2606 satura.
1874 2580 1920 2606 at-

1415 2624 1474 2653 que
1488 2614 1570 2644 ebria
1584 2615 1636 2644 eis.
1661 2615 1737 2644 Hec.
1753 2625 1781 2645 ν.
1796 2614 1826 2651 2,
1841 2615 1868 2645 3.

1454 2656 1577 2688 ecastor]
1619 2654 1679 2682 Per
1697 2657 1810 2683 ecastor
1826 2654 1921 2684 scitus

1416 2702 1498 2730 puer.
1531 2692 1614 2722 And.
1636 2693 1681 2721 iii.
1701 2692 1730 2728 2,
1751 2691 1779 2722 6.
1826 2692 1920 2732 Spero

1414 2734 1535 2761 ecastor.
1565 2731 1642 2760 Hec.
1665 2731 1707 2760 iv.
1732 2730 1760 2767 3,
1783 2730 1811 2761 5.
1863 2731 1921 2760 Est

1416 2779 1524 2808 magna
1543 2773 1656 2799 ecastor
1675 2770 1770 2807 gratia
1790 2770 1828 2799 de
1846 2770 1920 2799 istae

1415 2818 1447 2837 re
1462 2818 1560 2876 ltpilaAEn
1582 2809 1640 2876 thli
1661 2808 1800 2875 habeaug.
1820 2808 1918 2876 6fleo.

1415 2857 1443 2876 ν.
1544 2870 1550 2876 .
1643 2857 1659 2875 o
1711 2870 1717 2876 .
1754 2870 1760 2876 .
1799 2869 1806 2879 ,
1860 2869 1868 2877 .

1416 2870 1541 2953 E.⁰'⁶2]-
1567 2885 1645 2953 ἔθεε
1658 2857 1761 2953 ἷὲὲῑὲ
1775 2885 1918 2963 sris

1414 2963 1451 3030 {3}
1460 2963 1568 2993 faciam
1581 2963 1674 2992 vobis.
1697 2962 1828 3001 Adelph.
1843 2972 1871 2992 v.
1886 2962 1916 2999 9,
