2020 3412
304 218 388 262 ἄψ

302 334 467 402 ῗαᾷὶὲἰοηεε
480 333 625 364 diutinae.
642 333 767 365 Phorm.
778 345 807 365 v.

322 396 522 481 ififflnsugtw]
534 412 701 458 ·Mansueti
713 413 808 443 animi

303 461 320 480 ο
341 451 660 536 ηίιῗιικθῆιιεπ]ῃᾰρὐιέἷόξίἔο
681 492 809 530 pedibus

302 530 809 606 {bfjiu‘fnnffitsstsssszss..2522

301 618 371 638 num
391 609 451 639 dat.
476 609 556 638 And.
572 610 591 638 i.
608 609 636 642 5,
660 608 706 638 62.
750 608 808 638 Co-

301 648 367 678 nari
392 648 537 683 manibus,
565 648 702 686 pedibus.
726 648 806 676 And.

301 687 341 717 iv.
359 686 386 724 l,
406 687 452 716 52.
495 687 630 716 Manum
653 687 684 715 in
706 687 809 716 sinum

301 726 452 755 meretrici
478 726 618 755 inserere.
663 726 725 762 Qui
746 736 809 754 non

300 766 452 795 abstineas
465 774 598 794 manum.
623 764 743 810 Hec.-ut..
763 765 807 794 iii.

302 804 435 873 3d>st2limi1
436 827 444 834 .
460 803 808 881 co'lglprpglitglblmgzlriaease

338 888 417 913 eant.
444 882 476 911 iii
503 882 531 919 3,
555 882 603 912 29.
647 882 713 921 Ego
731 881 808 912 libe-

301 921 358 952 rali
374 921 460 951 illam
475 931 574 951 assero
596 931 685 951 causa
707 932 807 951 manu.

303 961 435 1000 Adelph.
452 961 483 990 ii.
502 960 528 998 l,
543 960 590 991 40.
636 961 738 997 Quem
755 971 810 1000 ego

301 1001 393 1030 modo
423 1010 549 1039 puerum
582 1000 742 1030 tantillum
777 1002 809 1029 in

301 1039 437 1069 manibus
450 1040 563 1078 gestavi
575 1040 651 1069 meis
660 1041 675 1069 ?
702 1040 808 1069 Conti-

302 1080 389 1109 nebit
403 1079 526 1118 posthac
541 1080 565 1108 si
581 1080 676 1118 sapiet
693 1089 806 1108 manus.

302 1118 359 1147 Est
373 1119 409 1147 ad
425 1118 502 1148 hanc
518 1127 639 1147 manum
651 1117 808 1148 sacellum.

303 1157 434 1196 Adelph.
464 1158 504 1187 iv.
533 1157 564 1194 2,
592 1157 641 1192 24,
676 1157 725 1194 26,
760 1157 807 1191 37.

303 1196 387 1226 Huic
428 1196 544 1235 aliquid
578 1196 705 1235 paulum
739 1206 810 1235 prae

302 1246 393 1265 manu
415 1235 542 1265 dederis.
570 1234 699 1273 Adelph.
725 1245 755 1265 v.
780 1235 808 1271 9,

301 1274 349 1304 23.
395 1275 463 1304 Tibi
483 1275 518 1320 ..id
543 1275 575 1303 in
600 1284 691 1303 manu
711 1280 756 1320 est
770 1284 810 1304 ne

302 1313 809 1383 fisstaaiiifflfi{ztj'theusshZssss

302 1402 350 1460 ilyh
353 1391 464 1460 3139v
489 1392 616 1460 ξιὲιίεεε.
639 1397 685 1421 est
708 1401 807 1421 manu.

340 1454 442 1516 mare]
461 1455 569 1538 thiam
583 1469 673 1508 longe
687 1480 705 1537 εἰ.
719 1470 808 1500 mari.

301 1509 810 1594 3331,¹3¹...zri2'NsstffiffffesT

302 1598 322 1657 ἔ
319 1638 337 1657 u
340 1588 556 1657 s3in4cr1're.NHmdel
554 1597 630 1657 uilin
636 1598 676 1662 {⁵
681 1597 809 1657 51.υέΥῶ-

342 1666 481 1705 maritus]
497 1666 562 1705 Ego
571 1676 669 1695 novus
684 1666 810 1695 maritus

303 1729 310 1736 ·
328 1704 810 1784 ·.;.ἓ;ξ;.-ῗ.]ἦὲῗ,ἱξ’“.;.ξ;,ῗῑὲῗι,-

302 1785 406 1822 stines,
431 1783 594 1823 mastigia?
617 1783 750 1822 Adelph.
779 1793 807 1813 v.

301 1823 455 1901 2sslilzter]
479 1862 582 1892 Samia
608 1861 686 1891 mihi
714 1864 811 1891 mater

301 1903 371 1932 fuit.
396 1902 475 1932 Eun.
504 1903 523 1931 i.
547 1901 576 1937 2,
599 1900 647 1932 27.
690 1901 810 1931 Matris

302 1951 416 2010 3¹3⁶?
430 1946 460 2009 ἒ*
480 1940 809 2018 ἕῗῗὼρῗὲῗῗέἕέἓ.

301 2025 386 2059 pater
411 2020 490 2048 mihi
518 2022 673 2065 «ἕρ-,ηψπ
696 2019 809 2048 mortui

302 2058 575 2127 {ssfiessk-Eusstff·
590 2057 718 2135 353...
732 2058 810 2133 ²2¹5:

302 2137 391 2167 mala.
450 2141 529 2166 eant.
555 2137 587 2165 ii.
610 2135 639 2171 2,
662 2136 690 2165 4.
732 2135 810 2164 Ma-

301 2179 361 2205 tres
375 2185 480 2204 omnes
495 2175 565 2203 filiis
578 2175 611 2204 iu
626 2179 746 2213 peccato
759 2175 809 2203 ad-

286 2214 436 2244 .‘utrices.
479 2213 592 2242 Heaut.
627 2223 655 2242 v.
691 2213 720 2248 2,
761 2213 807 2242 38.

299 2292 311 2301 ι·
337 2250 808 2321 *thee*&issemiiiefflssiesph'

302 2301 588 2368 lv'mdtery’vamiciasi}
611 2313 761 2358 Meretrix
779 2333 809 2358 et

303 2368 536 2408 materfamilias
565 2378 626 2397 une.
648 2369 682 2398 in
707 2368 807 2397 domo.

304 2408 437 2448 Adelph.
454 2410 493 2437 iv.
510 2407 538 2445 7,
553 2407 600 2437 29.

342 2446 509 2486 maternus]
587 2446 808 2482 Misericordia,

303 2488 424 2556 aini2u41us
442 2489 604 2516 mternus.
627 2485 741 2514 Heaut.
766 2485 807 2514 iv.

325 2550 332 2563 ,
389 2549 395 2555 .

342 2564 578 2599 matrimonium]
613 2562 645 2593 Si
679 2572 717 2592 ex
750 2572 809 2592 usu

302 2609 381 2634 esset
394 2609 496 2633 nostro
509 2603 564 2632 hoc
575 2602 807 2632 matrimonium.

304 2643 381 2674 Hec.
397 2644 437 2673 iv.
455 2642 481 2679 l,
497 2642 543 2672 33.

342 2684 493 2717 matrona]
528 2680 710 2710 Matronam
738 2678 807 2708 nul-

302 2720 365 2751 lam
390 2722 420 2750 in
446 2721 578 2750 aedibus.
611 2719 694 2749 And.
717 2719 750 2749 ii.
778 2717 807 2755 2,

301 2759 351 2792 27.
394 2760 496 2789 Bonas
524 2762 675 2788 matronas
701 2758 805 2788 facere.

302 2799 383 2830 Eun.
402 2798 485 2828 Prol.
501 2798 550 2829 37.

341 2837 470 2876 mature]
494 2837 570 2867 Fiet.
614 2836 660 2866 At
681 2839 807 2865 mature.

302 2876 383 2906 Eun.
400 2877 431 2906 ii.
449 2875 476 2913 1,
491 2876 519 2906 2.
549 2875 677 2905 Mature
692 2880 726 2904 ut
737 2884 807 2904 cum

301 2916 447 2953 cognorit,
521 2920 646 2954 erpetuo
674 2918 678 2924 ⁴
699 2915 806 2944 oderit.

301 2954 382 2984 Eun.
399 2965 427 2984 v.
443 2954 471 2991 4,
489 2925 533 2983 lq.

341 2991 478 3033 uzaturo]
502 2992 634 3032 Nuptias
658 2996 807 3031 quantum

1019 219 1217 264 INDEX

879 345 968 365 ueam
983 339 1019 365 ut
1032 337 1189 364 maturem.
1214 333 1297 364 And.
1321 332 1366 363 iii.

881 398 888 410 ‚
904 375 953 405 45.
996 374 1032 404 Id
1048 379 1082 403 ut
1096 375 1247 403 maturent
1261 373 1366 403 facere.

861 413 975 443 Heaut.
1002 414 1044 442 iii.
1077 412 1103 449 l,
1132 412 1179 446 87.
1223 412 1366 442 Matura.

861 453 941 483 And.
958 463 986 483 V.
1002 453 1031 489 4,
1046 451 1093 481 53.
1117 451 1246 482 Phorm.
1268 452 1312 481 iv.
1338 451 1367 487 5,

900 530 1032 568 mavolo]
1069 529 1219 566 Quamvis
1247 539 1368 559 causam

860 569 942 599 hunc
974 569 1117 608 suspicari
1146 578 1238 607 quam
1272 569 1367 607 ipsam

858 618 963 677 {gram
996 607 1124 638 mavolo.
1162 607 1239 638 Hec.
1268 607 1309 639 iv.
1340 607 1367 645 1,

899 685 1039 725 inarime]
1061 685 1091 715 N
1094 696 1152 716 unc
1167 696 1264 725 quum
1283 696 1368 715 maa·-

859 726 916 755 ime
931 726 983 756 abs
1002 730 1031 755 te
1052 725 1170 764 postulo
1190 730 1282 764 atque
1305 736 1366 755 01¹0.

861 765 941 795 And.
960 776 985 795 v.
1005 764 1031 801 l,
1046 765 1073 794 4.
1111 764 1230 801 Quibus
1244 765 1274 794 id
1284 774 1368 794 maa*-

859 805 916 833 ime
941 803 1019 834 utile
1058 808 1094 833 st.
1119 804 1202 834 And.
1229 814 1258 834 v.
1277 803 1304 841 l,
1321 803 1366 834 16.

861 843 928 873 Etsi
943 854 998 882 ego
1012 844 1103 882 digna
1114 843 1170 872 hac
1180 842 1369 872 contumelia

860 893 927 912 sum
944 883 1081 912 maxime.
1105 882 1185 912 Eun.
1210 893 1239 913 v.
1264 882 1296 919 2,
1319 882 1366 914 27.

861 922 963 959 Quam
979 923 1107 951 maoeirne
1129 922 1240 951 servire
1261 922 1368 951 vestris

859 962 1037 991 commodis.
1072 960 1185 994 Heaut.
1208 960 1292 991 Prol.
1318 960 1364 990 50.

861 1000 960 1068 Cu1jus
975 1010 1040 1030 mos
1055 1000 1182 1030 maoeirne
1207 1005 1253 1030 est
1271 1001 1368 1030 eonsi-

860 1041 903 1069 mi
920 1040 946 1069 is
969 1045 1115 1069 vestrum.
1144 1039 1258 1069 Heaut.
1283 1039 1314 1069 ii.
1339 1040 1367 1075 4,

862 1078 907 1108 13.
952 1080 1086 1109 Amabat
1107 1082 1143 1107 ut
1163 1088 1260 1117 quum
1286 1089 1367 1108 viaet·—

859 1118 924 1147 ime.
950 1118 1025 1148 Hec.
1054 1119 1073 1147 i.
1097 1117 1127 1153 2,
1155 1117 1202 1148 40.
1247 1117 1293 1147 Ea
1320 1127 1367 1147 res

859 1157 958 1186 multo
974 1157 1101 1187 maxime
1113 1157 1266 1196 disjunxit
1276 1156 1365 1186 illum

859 1197 896 1225 ab
908 1195 969 1225 illa.
994 1196 1071 1226 Hec.
1087 1197 1105 1225 i.
1122 1195 1152 1232 2,
1172 1195 1218 1226 85.
1262 1196 1366 1232 Quum

859 1236 1009 1265 secundae
1048 1245 1094 1264 res
1126 1241 1199 1264 sunt
1230 1236 1366 1270 maxime,

860 1279 927 1303 tum
952 1274 1079 1304 mam‘me
1098 1274 1241 1304 meditari
1264 1284 1365 1304 secum

860 1319 985 1353 oportet.
1010 1313 1133 1343 Phorm.
1150 1313 1180 1343 ii.
1199 1313 1226 1350 1,
1244 1311 1288 1342 ll.

899 1352 1035 1388 mam'mi]
1078 1353 1162 1382 Haec
1197 1358 1226 1382 te
1267 1351 1366 1381 solum

860 1401 978 1431 semper
990 1392 1063 1422 fecit
1084 1391 1216 1421 maoeimi.
1250 1391 1331 1421 And.
1346 1391 1366 1421 i.

860 1430 888 1467 5,
904 1430 950 1460 58.
982 1430 1096 1460 Merito
1107 1434 1136 1459 te
1152 1440 1270 1469 semper
1284 1440 1366 1460 max·-

860 1470 915 1498 imi
927 1470 997 1499 feci.
1021 1470 1102 1499 And.
1119 1470 1164 1499 iii.
1180 1469 1207 1505 3,
1223 1469 1271 1498 42.

899 1509 1030 1538 marimo
1048 1511 1147 1547 opere]
1170 1508 1263 1538 Thais
1282 1518 1366 1538 maw—

860 1548 919 1578 imo
934 1553 963 1577 te
978 1548 1082 1577 orabat
1101 1557 1197 1586 opere.
1220 1547 1300 1576 Eun.
1323 1548 1364 1577 iii.

860 1587 888 1624 3,
903 1586 951 1617 26.
975 1587 1023 1617 Cf.
1042 1587 1210 1617 Heaut.·iv.
1228 1585 1254 1623 1,
1273 1585 1318 1616 13.

898 1629 1054 1662 mecastor]
1089 1625 1180 1655 Salve
1213 1628 1365 1663 mecastor,

860 1665 1021 1695 Parmeno.
1046 1665 1123 1695 Hec.
1139 1665 1158 1695 i.
1174 1664 1203 1701 2,
1220 1664 1246 1694 8.

900 1705 1028 1739 medeor]
1064 1704 1255 1743 cupiditates
1283 1727 1290 1734 .
1321 1727 1328 1734 .
1358 1727 1365 1734 .

861 1754 935 1783 quas
977 1743 1066 1783 paulo
1107 1743 1221 1773 mederi
1260 1743 1364 1783 possis.

860 1783 985 1812 Phorm.
1002 1793 1031 1812 v.
1046 1783 1075 1819 4,
1091 1782 1118 1812 3.

900 1822 1042 1857 medicor]
1077 1822 1179 1852 Gnato
1212 1825 1248 1850 ut
1275 1821 1366 1850 medi-

859 1871 947 1890 carer
981 1867 1042 1891 tuo.
1079 1861 1160 1890 And.
1198 1870 1226 1891 v.
1257 1859 1283 1897 l,
1319 1859 1364 1890 12.

861 1901 967 1937 Quum
982 1905 1101 1939 egomet
1143 1900 1235 1929 ossim
1258 1900 1290 1929 in
1311 1899 1366 1929 hac

860 1950 897 2008 rel
906 1940 1054 1970 medicari
1077 1939 1120 1968 mi
1134 1940 1165 1969 ii.
1190 1939 1272 1969 And.
1293 1949 1322 1968 v.
1336 1939 1365 1975 4,

899 2018 1038 2052 medicus]
1075 2017 1196 2047 Nemon
1221 2017 1365 2046 medicum

860 2057 1015 2086 adduxit?
1037 2057 1114 2087 Hec.
1130 2057 1176 2086 iii.
1192 2055 1219 2093 l,
1233 2055 1281 2086 43.

900 2096 1068 2130 mediocris]
1105 2096 1176 2125 Non
1210 2095 1366 2124 mediocris

859 2135 994 2164 hominis
1032 2134 1106 2164 haec
1146 2139 1217 2164 sunt
1257 2134 1364 2163 officia.

861 2173 993 2212 Adelph.
1009 2183 1036 2202 v.
1052 2173 1080 2209 9,
1096 2173 1124 2202 9.

899 2212 1102 2250 mediocriter]
1120 2211 1243 2240 Horum
1255 2210 1310 2239 ille
1322 2210 1366 2239 ni·

859 2250 905 2279 hil
921 2251 1036 2288 egregie
1049 2254 1166 2288 praeter
1177 2255 1295 2278 caetera
1303 2255 1366 2278 stu-

860 2290 960 2324 debat,
989 2294 1019 2318 et
1044 2294 1146 2318 tamen
1169 2288 1273 2318 omnia
1294 2288 1366 2318 haec

859 2328 1056 2358 mediocriter.
1100 2328 1182 2356 And.
1211 2328 1230 2356 i.
1262 2326 1288 2363 l,
1317 2327 1365 2356 32.

859 2366 1058 2396 Mediocriter
1071 2366 1213 2395 vestitam
1225 2372 1307 2395 veste
1318 2365 1366 2395 lu-

859 2405 954 2444 gubri.
979 2405 1092 2435 Heaut.
1109 2405 1141 2434 ii.
1158 2404 1186 2441 3,
1201 2405 1249 2434 45.

899 2444 1037 2483 meditor]
1083 2444 1176 2473 Venit
1210 2443 1367 2473 meditatus

859 2482 1001 2513 alicunde
1028 2493 1065 2512 ex
1090 2482 1154 2513 solo
1177 2482 1252 2512 loeo.
1282 2482 1364 2512 And.

859 2522 892 2552 ii.
922 2523 950 2558 4,
981 2521 1007 2552 3.
1060 2522 1192 2551 Causam
1226 2522 1367 2551 meditari

860 2567 953 2591 tuam.
978 2560 1107 2599 Adelph.
1125 2561 1157 2590 ii.
1172 2559 1198 2597 1,
1214 2560 1262 2590 41.
1294 2561 1364 2590 Me-

858 2600 940 2629 ditor
966 2609 1030 2629 esse
1053 2599 1191 2629 affabilis.
1233 2599 1364 2637 Adelph.

858 2649 886 2669 v.
903 2638 932 2676 6,
947 2638 974 2669 8.
997 2639 1151 2668 Meditari
1164 2648 1267 2668 secum
1279 2649 1364 2678 opor-

859 2682 910 2708 tet.
935 2677 1365 2707 [Meditatamihisuntomnia

858 2717 1149 2786 llnep2irffiommoda.
1180 2716 1304 2746 Phorm.
1331 2717 1362 2746 ii.

879 2779 887 2793 ,
943 2781 949 2790 ,
1005 2780 1012 2785 .

895 2795 1024 2832 medius]
1049 2793 1188 2823 Mediam
1205 2793 1364 2823 mulierem

858 2833 1080 2872 complectitur.
1104 2832 1185 2861 And.
1202 2833 1223 2861 i.
1246 2832 1272 2867 1,
1297 2832 1362 2862 106.

859 2873 896 2903 In
919 2873 1049 2902 mediam
1070 2871 1153 2900 viam
1197 2871 1361 2900 rovolvam.

860 2913 941 2942 And.
965 2911 1006 2941 iv.
1031 2912 1060 2945 4,
1082 2909 1130 2942 37.
1191 2920 1210 2938 n
1232 2910 1362 2939 medium

859 2951 919 2980 huc
942 2959 1048 2989 agmen
1069 2959 1139 2978 cum
1166 2949 1256 2978 vecti.
1280 2948 1360 2979 Eun.

858 2990 899 3020 iv.
922 2989 951 3027 7,
965 2990 994 3019 4.
1035 2987 1210 3019 Sublimem
1232 2988 1362 3017 medium

1418 333 1595 372 arriperem.
1618 332 1751 372 Adelph.
1772 333 1817 364 iii.
1831 333 1926 371 2518.

1422 373 1521 403 Mater
1544 373 1674 411 virginis
1694 373 1725 402 in
1745 373 1842 403 medio
1872 378 1927 404 m.

1420 411 1551 450 Adelph.
1578 412 1620 441 iii.
1646 412 1675 449 4,
1697 411 1744 442 33.
1789 411 1929 443 Emedio

1418 461 1452 480 ae
1475 461 1550 481 uum
1563 452 1772 482 excederem.
1798 451 1926 482 Hemiv.

1419 490 1447 527 3,
1482 491 1509 520 4.
1554 490 1590 519 In
1604 490 1699 520 medio
1711 490 1855 521 omuibus
1865 489 1929 530 pnl-

1419 539 1501 559 mam
1529 539 1593 559 esse
1639 531 1757 559 ositam.
1802 529 1927 560 phorm.

1419 568 1500 598 Prol.
1525 567 1570 598 16.
1631 569 1640 579 ’
1662 569 1760 598 medio
1787 569 1926 599 excessit.

1420 607 1543 637 Phorm.
1572 618 1601 638 v.
1631 607 1660 644 7,
1684 607 1732 642 74.
1778 607 1804 638 E
1831 607 1928 638 medio

1417 647 1503 677 abiit.
1526 647 1650 676 Phorm.
1667 657 1695 676 v.
1712 646 1741 684 8,
1757 646 1803 677 30.

1459 685 1614 754 mellea-[2¹]
1639 685 1725 715 Haec
1748 685 1844 715 ‘verba
1866 694 1929 716 uua

1418 725 1556 755 mehercle
1567 726 1598 755 fa
1611 735 1642 754 sa
1650 724 1810 755 lacrimula
1819 725 1928 756 restin-

1418 769 1500 802 guet.
1524 764 1604 796 Eun.
1621 765 1641 794 i.
1660 763 1687 801 l,
1700 764 1748 794 22.
1792 763 1927 795 Pulchro

1418 803 1559 833 mehercle
1580 803 1697 835 dictum
1715 813 1749 834 ae
1764 803 1924 842 sapienter.

1419 842 1500 872 Eun.
1518 842 1559 872 iii.
1578 842 1605 879 1,
1619 841 1668 872 26.
1774 843 1775 846 ’

1456 881 1576 921 melior]
1596 881 1714 911 Melius
1733 886 1799 912 tute
1818 881 1924 920 reperi.

1421 921 1502 951 And.
1531 921 1572 951 iv.
1604 920 1631 956 1,
1656 920 1706 951 56.
1758 920 1924 959 Nunquam

1419 961 1482 990 vidi
1517 959 1621 990 melius
1654 958 1815 990 consilium
1847 959 1923 990 dari.

1419 999 1500 1029 Eun.
1516 1000 1548 1029 ii.
1562 999 1591 1036 3,
1602 998 1650 1029 85.
1693 999 1721 1030 A
1780 1008 1810 1029 m
1823 998 1925 1028 melio-

1418 1048 1480 1067 rem
1495 1048 1584 1068 nemo
1603 1038 1702 1068 habet.
1761 1043 1841 1068 caut.
1857 1038 1879 1068 i.
1898 1037 1924 1074 l,

1420 1076 1464 1107 12.
1487 1077 1612 1113 Melius,
1636 1077 1730 1116 pejus,
1752 1077 1857 1116 prosit,
1871 1077 1926 1106 ob-

1417 1117 1467 1152 sit,
1481 1116 1563 1146 nihil
1577 1117 1690 1146 vident.
1714 1116 1827 1146 Heaut.
1839 1116 1879 1146 iv.
1896 1115 1924 1153 l,

1418 1155 1464 1185 30.
1521 1156 1619 1186 Tanto
1664 1154 1766 1185 hercle
1809 1154 1942 1185 meliors

1418 1195 1532 1224 Heaut.
1561 1195 1604 1224 iii.
1632 1195 1661 1229 2,
1688 1194 1736 1224 38.
1784 1194 1925 1224 Mentem

1418 1235 1503 1263 vobis
1517 1234 1669 1263 meliorem
1683 1234 1757 1263 dari.
1790 1232 1872 1263 Adel
1892 1233 1922 1263 h.

1417 1273 1553 1307 iii.3‚78.
1577 1271 1833 1302 Dalocummelio
1858 1272 1865 1279 ”
1915 1295 1923 1302 .

1419 1312 1543 1342 Phorm.
1559 1312 1601 1341 iii.
1617 1311 1647 1345 2,
1662 1311 1708 1344 37.
1753 1311 1795 1341 Di
1819 1310 1926 1341 melius

1417 1351 1514 1380 duint.
1538 1351 1661 1380 Phorm.
1677 1361 1707 1381 v.
1723 1350 1751 1387 8,
1769 1349 1814 1380 16.

1456 1390 1570 1427 melius,
1579 1390 1719 1428 adverb]
1738 1388 1860 1428 Accipit
1869 1388 1924 1420 ho-

1418 1430 1532 1458 minem
1556 1440 1647 1458 nemo
1668 1429 1773 1458 metius
1793 1437 1927 1467 prorsus,

1418 1466 1924 1537 fflffss'sslffissssiz-AEuvsszssaffz⁵34

1417 1547 1599 1586 dijudicent,
1615 1556 1707 1585 quam
1721 1556 1783 1576 sus..
1807 1545 1922 1576 Heaut.

1416 1586 1459 1615 iii.
1475 1585 1502 1621 1,
1518 1585 1565 1615 95.
1603 1586 1687 1615 Ante
1701 1586 1790 1615 aedes
1803 1594 1866 1615 nou
1879 1585 1924 1614 fe—

1418 1625 1494 1654 cisse
1522 1625 1580 1654 erit
1608 1623 1712 1654 melius
1744 1623 1793 1654 hic
1821 1624 1924 1654 convi-

1418 1665 1509 1693 cium.
1534 1663 1667 1702 Adelph.
1683 1663 1715 1693 ii.
1740 1662 1828 1700 1‚26.
1860 1662 1924 1693 Ae-

1417 1704 1500 1737 cedo,
1509 1707 1544 1732 ut
1558 1703 1661 1734 melius
1675 1703 1765 1732 dicas.
1788 1701 1921 1740 Adelph.

1418 1742 1462 1771 iii.
1478 1741 1509 1779 2,
1523 1741 1570 1771 52.
1613 1741 1685 1771 Non
1698 1742 1798 1780 potuit
1811 1740 1922 1771 melius.

1419 1780 1549 1820 Adelph.
1565 1781 1606 1811 iv.
1623 1779 1651 1815 2,
1666 1780 1714 1811 29.
1762 1779 1924 1811 Facilitate

1417 1820 1496 1850 nihil
1510 1830 1574 1850 esse
1598 1819 1716 1850 homini
1735 1819 1849 1855 metius,
1870 1829 1924 1849 ne-

1440 1870 1476 1889 ue
1498 1859 1669 1889 clementia.
1694 1858 1825 1897 Adelph.
1850 1868 1878 1888 v.
1893 1859 1923 1896 4,

1438 1922 1444 1928 .
1489 1898 1591 1927 Multo
1617 1897 1722 1928 melius
1748 1920 1756 1928 .
1781 1920 1788 1927 .
1816 1919 1825 1928 .
1853 1898 1922 1928 scio.

1418 1937 1493 1967 Hec.
1507 1938 1540 1967 ii.
1555 1937 1580 1974 l,
1591 1936 1640 1968 20.
1678 1937 1759 1966 Tute
1767 1937 1850 1966 idem
1864 1945 1924 1966 me-

1417 1977 1475 2006 lius
1497 1977 1611 2006 feceris.
1638 1975 1763 2006 Phorm.
1782 1975 1813 2006 ii.
1830 1974 1859 2011 3,
1874 1975 1923 2007 79.

1418 2015 1504 2045 Idem
1521 2016 1576 2045 hoc
1600 2020 1667 2044 tute
1687 2015 1790 2044 melinas
1808 2019 1923 2053 quanto

1418 2056 1592 2084 invenisses.
1618 2054 1698 2084 Eun.
1715 2054 1760 2084 iii.
1777 2052 1804 2087 l,
1819 2052 1870 2083 63.

1455 2092 1656 2132 meliusculus]
1686 2092 1798 2122 Salvam
1813 2091 1924 2122 Philu-

1416 2142 1505 2161 mena
1518 2133 1588 2161 est?
1615 2132 1650 2161 P.
1662 2130 1847 2161 Meliuscula
1866 2136 1922 2162 eet.

1418 2171 1494 2201 Hec.
1511 2171 1554 2200 iii.
1570 2170 1599 2205 2,
1619 2170 1661 2200 19.

1455 2208 1634 2249 membrum]
1668 2208 1810 2238 Membra
1836 2213 1924 2240 metu

1416 2249 1528 2278 debilia
1541 2253 1622 2278 sunt.
1645 2247 1778 2286 Adelph.
1793 2248 1833 2278 iv.
1849 2248 1878 2285 4,
1892 2248 1921 2278 4.

1455 2288 1589 2322 memini]
1631 2287 1791 2325 Virginem
1824 2287 1924 2318 forma

1417 2327 1495 2356 bona
1512 2326 1634 2356 memini
1652 2327 1765 2356 videre.
1788 2325 1871 2356 And.
1887 2326 1920 2357 ii.

1416 2365 1445 2402 5,
1462 2365 1509 2401 18,
1525 2370 1556 2395 et
1571 2366 1682 2402 passim
1695 2364 1777 2394 alibi.

1417 2443 1442 2472 P
1455 2403 1583 2473 φῖιείηον]
1601 2405 1645 2434 Ut
1653 2403 1920 2472 φηειηρονὶεῗοριιόἰ.

1445 2467 1451 2473 .
1510 2454 1592 2473 emor
1612 2453 1708 2473 essem
1790 2452 1807 2472 n
1832 2465 1839 2472 .
1855 2451 1875 2473 1.
1911 2465 1922 2479 ‚

1416 2483 1464 2518 46,
1479 2482 1526 2514 47.
1568 2482 1740 2512 Memorem
1766 2491 1817 2511 me
1839 2482 1923 2512 dices

1416 2526 1446 2550 et
1461 2527 1589 2560 gratum.
1614 2520 1692 2550 Adel
1717 2521 1745 2550 h.
1761 2521 1791 2550 ii.
1807 2519 1837 2556 2,
1851 2519 1900 2551 43.

1454 2560 1664 2595 memorabilis]
1714 2559 1799 2589 ocine
1807 2563 1852 2589 est
1858 2569 1922 2589 cre-

1414 2599 1509 2675 i(ivibill'e
1517 2604 1577 2668 ἰοὺ
1595 2597 1808 2629 memorabile?
1838 2598 1921 2628 And.

1454 2676 1615 2716 memoria]
1640 2676 1677 2706 In
1704 2676 1849 2705 memoria
1868 2675 1923 2706 ha-

1416 2716 1480 2746 beo.
1518 2716 1600 2745 And.
1629 2716 1648 2745 i.
1681 2715 1707 2749 1,
1738 2715 1783 2745 13.
1837 2714 1922 2744 Haec

1416 2755 1508 2784 habui
1538 2756 1569 2783 in
1603 2754 1755 2783 memoria.
1793 2753 1873 2783 Eun.
1899 2754 1920 2783 i.

1415 2793 1444 2829 2,
1458 2793 1506 2823 90.
1550 2793 1634 2831 Opus
1655 2798 1701 2822 est
1722 2797 1774 2821 tua
1790 2791 1868 2821 mihi
1883 2792 1922 2821 ad

1416 2833 1492 2861 hanc
1506 2842 1571 2861 rem
1585 2835 1762 2869 exprompta
1777 2830 1922 2860 memoria

1415 2875 1506 2908 atque
1530 2871 1648 2899 astutia.
1673 2869 1764 2900 And.
1790 2870 1830 2898 iv.
1848 2868 1876 2905 3,
1891 2868 1919 2899 8.

1416 2910 1531 2947 Redige
1547 2910 1577 2937 in
1588 2908 1768 2938 memoriam.
1793 2907 1918 2937 Phorm.

1414 2949 1447 2978 ii.
1477 2947 1504 2984 3,
1533 2948 1580 2977 36.
1623 2947 1713 2976 Redii
1738 2956 1859 2976 mecum
1887 2946 1920 2976 iu

1413 2987 1598 3016 memoriam.
1622 2986 1745 3015 Phorm.
1762 2995 1790 3016 v.
1807 2985 1836 3022 3,
1851 2984 1898 3016 19.
