2020 3412
245 294 330 336 526

286 419 305 438 α
324 410 423 438 stram
490 413 566 438 tme
579 419 597 438 a
653 419 751 438 vcerm

307 408 323 437 b
387 407 401 438 Ι
425 411 436 445 J
457 407 488 438 U
607 407 661 447 Gl,
723 408 729 415 ”

246 449 394 478 miserum
408 447 567 477 abstrahat.
593 448 673 477 And.
691 448 710 477 i.
722 447 750 484 5,

247 487 275 517 8.
327 486 421 516 Istam
447 485 601 525 psaltriam
625 497 686 516 una
713 486 751 515 il-

246 525 299 555 luc
326 535 447 555 mecum
473 525 544 554 hinc
570 525 749 555 abstraham.

250 564 381 603 Adelph.
397 574 426 594 v.
443 563 471 599 3,
486 564 533 596 57.
577 564 639 593 Vix
655 574 703 593 me
714 564 751 592 il-

248 603 310 633 linc
324 603 464 632 abstraxi.
509 603 590 632 Hem
606 613 686 632 nova
706 613 751 631 res

247 648 313 671 orta
323 648 378 679 est,
392 652 479 681 porro
494 643 530 670 ab
545 642 600 670 hac
614 651 691 680 quae
703 651 751 670 me

246 681 407 711 abstrahat.
441 681 517 710 Hec.
535 681 578 710 iii.
597 680 623 715 l,
642 680 687 716 17,
705 679 750 709 18.

286 720 399 754 absum]
422 719 506 749 Dum
527 720 579 748 abs
596 724 626 748 te
640 719 749 748 absum.

249 759 361 789 Heaut.
378 759 408 788 ii.
426 760 455 795 4,
472 758 516 787 19.
561 758 683 787 Menses
692 763 751 787 tres

245 797 332 827 abest.
357 798 468 827 Heaut.
485 798 504 826 i.
524 795 550 832 l,
570 796 617 827 66.
660 797 750 833 Quod

245 836 325 866 abest
347 846 408 865 non
431 836 559 874 quaeris.
582 835 695 865 Heaut.
724 846 749 865 v.

246 877 276 911 4,
306 875 351 905 16.
401 875 492 904 Haud
520 874 706 913 permultum
734 885 752 904 a

246 914 618 943 meaberitinfortunium.
636 913 748 943 Heaut.

245 955 286 983 iv.
302 953 331 990 2,
350 952 374 982 1.
418 953 488 982 Non
507 952 601 982 aberit
621 952 749 991 longius.

248 992 361 1021 Heaut.
378 1002 405 1021 V.
422 991 450 1026 2,
468 991 514 1021 31.
558 991 638 1021 Cum
652 991 751 1021 milite

244 1031 303 1060 isto
331 1041 469 1070 praesens
496 1030 598 1059 absens
624 1037 659 1059 ut
683 1031 749 1060 sies.

244 1070 368 1147 ξέὲζίιιιιθ
381 1069 751 1138 ἒὶὶέῐιῐιλθτίἷιῗΐθῗεὴῖὠίἶ

250 1147 275 1183 1,
303 1147 351 1177 48.
408 1147 518 1184 Pergin
543 1147 615 1176 hero
679 1149 753 1177 senti

247 1186 327 1215 male
373 1186 469 1225 loqui,
518 1186 723 1224 impurissime
737 1188 751 1215 Ρ

247 1225 372 1255 Phorm.
408 1226 439 1254 ii.
470 1225 498 1261 3,
534 1224 582 1253 25.
640 1225 751 1255 Nescio

245 1265 317 1303 quid
345 1265 480 1303 profecto
513 1263 629 1293 absente
664 1265 751 1293 nobis

247 1304 403 1333 turbatum
429 1307 474 1332 est
496 1303 588 1332 domi.
613 1303 692 1332 Eun.
710 1304 749 1332 iv.

247 1342 275 1377 3,
299 1342 326 1375 7.
370 1342 507 1378 Postulo,
532 1346 566 1371 ut
591 1342 669 1370 mihi
699 1347 752 1371 tua

246 1382 355 1410 domus
370 1386 399 1410 te
413 1386 569 1420 praesente
578 1380 691 1410 absente
702 1391 751 1420 pa-

244 1424 318 1450 teat.
342 1420 422 1449 Eun.
440 1430 466 1448 V.
484 1420 513 1455 8,
528 1419 577 1449 29.

284 1458 421 1497 absumo]
459 1458 639 1497 Pytissando
673 1458 750 1487 mihi

246 1498 321 1536 quid
350 1498 413 1526 vini
441 1497 600 1527 absumsit?
638 1497 749 1527 Heaut.

245 1537 290 1566 iii.
308 1536 335 1573 l,
350 1536 397 1565 49.
441 1536 546 1573 Quum
562 1535 614 1565 ille
633 1540 665 1565 et
679 1546 752 1566 cura

246 1581 277 1605 et
291 1581 397 1605 sumtu
420 1575 591 1604 absumitur.
625 1574 749 1605 Phorm.

246 1615 280 1645 ii.
295 1614 326 1650 2,
341 1614 389 1644 26.

244 1653 415 1731 ,nssssssgrffg
416 1652 635 1727 ⁸31522Fa⁵1ss1h512⁰1¹3
644 1652 749 1730 <33¹8ss

244 1731 385 1760 absurda.
417 1731 549 1770 Adelph.
575 1731 617 1760 iii.
642 1730 670 1767 3,
698 1730 746 1760 22.

245 1770 311 1799 Etsi
327 1770 385 1799 hoc
407 1770 485 1799 mihi
507 1779 651 1815 pravum,
665 1770 748 1808 inep-

243 1808 603 1916 ἳξὲὶξζῗὲἔῗῖἵὰὲἷὲἳῗ
612 1808 746 1886 11ΐὲἓίἶῖ

244 1897 273 1916 v.
311 1910 318 1921 ,
375 1910 381 1917 .

283 1925 413 1960 abundo]
435 1926 528 1962 Quasi
545 1925 571 1955 ie
589 1935 651 1954 non
670 1925 749 1954 divi-

243 1964 296 1994 tiis
323 1964 458 1994 abundet.
497 1964 610 1993 Heaut.
646 1964 689 1993 iii.
717 1963 747 2001 2,

244 2002 442 2071 ξ137.11Αιιιοι·ο3
455 2003 598 2032 abundas.
622 2003 713 2033 Phor.
726 2004 746 2032 i.

266 2065 398 2116 ’abutor1
422 2081 458 2109 In
474 2079 604 2119 prologis
614 2080 746 2109 scriben-

243 2120 290 2149 dis
324 2129 341 2148 o
362 2129 444 2149 eram
478 2119 618 2148 abutitur.
664 2119 744 2148 And.

244 2158 326 2187 Prol.
358 2181 374 2190 .,
396 2158 482 2187 Itane
491 2159 613 2187 tandem
625 2167 746 2196 quaeso,

242 2198 316 2226 item
333 2201 367 2225 ut
380 2197 569 2225 meretricem
582 2197 632 2225 ubi
641 2196 748 2225 abusus

242 2235 293 2271 sis,
308 2235 479 2264 mercedem
502 2235 572 2263 dare
594 2234 645 2263 lex
657 2234 745 2272 jubet

242 2273 271 2341 gi
285 2278 376 2341 {teque
390 2274 552 2302 amittere?
573 2272 698 2302 Phorm.
714 2274 744 2301 ii.

264 2335 271 2349 ’
281 2335 334 2385 ac]-
364 2349 421 2380 See
434 2349 531 2378 Index
546 2354 577 2378 to
594 2348 698 2378 Notes-

280 2389 395 2419 ‹woeda
441 2388 606 2426 Nunquam
640 2387 747 2417 accedo

265 2429 316 2457 uin
342 2428 395 2457 abs
422 2431 453 2456 te
479 2427 583 2456 abeam
619 2427 744 2455 doctior.

242 2438 325 2496 Qun.
354 2467 394 2496 iv.
423 2465 452 2502 7,
479 2465 528 2495 21.
570 2465 687 2494 Accede
712 2470 747 2494 ul:

242 2505 355 2535 melius
378 2505 469 2534 dicas.
492 2503 623 2542 Adelph.
650 2504 691 2533 iii.
715 2503 745 2539 2,

242 2543 290 2574 52.
335 2544 385 2574 Ad
398 2543 474 2573 haec
488 2542 568 2572 mala
583 2542 640 2571 hoc
665 2542 742 2572 mihi

241 2583 354 2613 accedit
366 2583 468 2612 etiam.
493 2582 574 2611 And.
598 2582 616 2611 i.
646 2580 673 2617 3,
699 2580 743 2610 10.

242 2622 408 2660 Postquam
415 2630 520 2650 amans
525 2621 649 2650 accessit.
662 2619 743 2649 And.

241 2663 260 2690 i.
273 2660 301 2697 l,
312 2660 359 2689 49.
399 2660 449 2689 Ad
458 2659 610 2688 flammam
626 2659 745 2688 accessit

242 2699 473 2745 imprudentius.
498 2698 580 2728 And.
597 2698 616 2727 i.
635 2697 660 2731 1,
679 2696 743 2726 103.

229 2737 434 2815 ,{.¹¹.¹.¹.22¹¹.L’.¹}¹0¹.
458 2736 746 2805 ffsssmn‘zoeiodss'i?

240 2815 289 2845 26.
345 2815 438 2844 Haud
471 2815 568 2843 invito
595 2814 632 2843 ad
659 2823 745 2842 aures

240 2863 339 2883 sermo
350 2854 425 2882 mihi
438 2853 556 2883 accessit
566 2858 644 2882 tuus.
666 2852 742 2881 Hec.

240 2893 282 2922 iii.
299 2893 327 2929 5,
340 2891 387 2921 32.
430 2892 509 2928 Quia
523 2891 646 2930 paulum
660 2891 745 2920 vobis

241 2931 359 2960 accessit
381 2931 538 2969 pecuniae,
554 2930 664 2959 sublati
679 2930 743 2967 ani-

241 2970 284 2999 mi
299 2973 380 2999 sunt.
405 2969 480 2998 Hec.
498 2969 537 2998 iii.
554 2968 583 3006 5,
598 2967 649 2998 56.
682 2969 743 2997 Aa·

240 3008 308 3037 cede
317 3008 354 3037 ad
365 3009 467 3046 ignem
477 3007 566 3037 hunc.
591 3007 670 3036 Eun.
684 3007 701 3036 i.
714 3006 744 3042 2,

241 3046 268 3076 5.
314 3046 405 3083 Quod
429 3046 499 3076 hinc
526 3045 687 3083 accesserit,
714 3045 744 3074 id

969 293 1166 338 INDEX

801 409 837 438 de
865 408 950 437 lucro
978 413 1082 446 putato
1110 418 1174 438 esse
1203 417 1302 438 omne.

803 447 932 485 Adelph.
959 458 986 476 v.
1012 446 1039 483 3,
1063 446 1111 476 30.
1154 446 1304 476 Voluntas

802 492 899 515 vestra
914 487 938 515 si
959 486 995 514 ad
1011 491 1130 523 poetam
1144 486 1303 516 accesserit.

802 525 925 554 Phorm.
944 524 1026 554 Prol.
1042 523 1092 553 29.

839 563 953 598 accido]
971 563 1083 593 Misera
1097 563 1192 593 timeo
1207 563 1304 593 incer-

801 608 868 631 tum
903 602 959 631 hoc
1015 612 1138 631 norsum
1177 602 1302 632 accidat.

802 641 885 670 And.
901 642 920 670 i.
935 640 995 677 5,2
1017 664 1023 670 .
1060 640 1304 680 Intereaaliqnid

800 680 942 709 acciderit
957 680 1036 709 boni.
1060 680 1141 709 And.
1163 681 1194 709 ii.
1212 680 1239 716 3,
1254 679 1302 709 24.

802 718 918 748 Eodem
935 719 982 748 die
997 719 1075 748 istuc
1091 719 1216 748 verbum
1234 729 1304 748 vere

801 758 832 786 iu
855 762 884 787 te
904 758 1021 787 accidit.
1046 758 1126 787 And.
1153 768 1180 788 v.
1206 757 1233 793 3,
1257 757 1302 788 14.

803 797 852 825 Ad
867 807 966 835 genua
979 797 1094 826 accidit.
1118 796 1196 826 Hec.
1213 797 1256 826 iii.
1274 796 1303 834 3,

803 835 846 864 18.
892 836 982 865 Unde
1006 836 1147 865 exordiar
1173 846 1304 872 narrare,

801 884 877 942 {lime
901 875 1119 943 “nec3015inaxi-tii
1144 874 1305 942 acct'du'nhtff

836 924 877 943 ec.
900 923 944 943 ιιι.
985 937 992 950 ,
1030 937 1036 943 .
1115 923 1202 943 orum
1224 924 1254 943 m
1281 923 1291 942 ι

800 954 964 991 quicquam
987 952 1099 982 accidet
1120 954 1223 982 animo
1250 963 1303 982 no·

800 1001 883 1021 vum.
908 991 1031 1021 Phorm.
1048 992 1079 1020 ii.
1098 990 1125 1027 1,
1139 991 1190 1021 20.

839 1029 971 1069 accingo]
988 1030 1037 1059 Do
1051 1031 1141 1059 fidem
1152 1031 1301 1060 futurum.

800 1069 839 1098 G.
861 1070 1022 1108 Accinyar.
1057 1069 1138 1099 Eun.
1155 1080 1181 1099 v.
1206 1069 1235 1106 8,
1255 1069 1301 1100 30.

801 1108 881 1138 Tute
905 1108 961 1137 hoc
986 1108 1118 1145 intristi3
1141 1109 1195 1138 tibi
1212 1119 1304 1138 omne

799 1153 844 1176 est
878 1148 1080 1177 exedendum.
1126 1147 1301 1186 Accinyere.

803 1186 924 1215 Phorm.
942 1187 973 1216 ii.
989 1186 1018 1222 2,
1035 1188 1061 1215 4.

838 1226 951 1263 accipio
992 1225 1065 1261 Dos,
1078 1224 1246 1263 Pamphile,
1258 1229 1305 1254 est

800 1263 903 1292 decem
932 1268 961 1293 ta
975 1269 1054 1293 enta.
1102 1264 1135 1293 P.
1165 1264 1301 1302 Accipio,

796 1303 882 1332 And·
898 1313 925 1332 v.
943 1304 969 1332 4.
986 1303 1032 1332 48.
1077 1302 1230 1341 Equidem
1254 1302 1302 1342 pol

799 1341 830 1369 in
840 1352 930 1409 leamE
938 1342 1255 1411 partem2a053'11ioq‘113
1272 1346 1304 1387 et

799 1390 837 1408 vo
852 1391 878 1409 o.
934 1391 983 1409 un.
1008 1391 1036 1410 v.
1083 1403 1090 1416 ,
1147 1403 1153 1409 .
1198 1382 1205 1394 ‘
1259 1390 1303 1418 pl-

799 1420 886 1455 nor,''
901 1421 1024 1448 narras?
1044 1429 1106 1448 non
1129 1423 1212 1448 reete
1227 1420 1304 1448 acci—

797 1458 854 1495 pis.
890 1458 969 1487 And.
994 1459 1026 1487 ii.
1055 1457 1084 1494 2,
1110 1457 1157 1487 30.
1201 1457 1305 1487 Aliter

800 1502 887 1525 tuum
903 1507 1036 1526 amorem
1051 1502 1080 1526 at
1103 1507 1142 1526 ue
1162 1501 1208 1526 est
1227 1498 1304 1526 acci-

795 1537 854 1573 pis.
873 1535 983 1565 Heaut.
1001 1536 1031 1565 ii.
1050 1535 1077 1571 3,
1110 1535 1135 1565 3.
1171 1535 1299 1574 Accepi.

799 1578 949 1613 acceptam
964 1575 1097 1604 servabo.
1121 1575 1202 1604 And.
1229 1575 1248 1603 i.
1275 1575 1304 1611 5,

800 1613 846 1643 63.
909 1613 1034 1652 Accepit
1086 1613 1301 1643 conditionem.

802 1653 882 1682 And.
911 1653 932 1682 i.
959 1651 985 1688 1,
1011 1651 1058 1681 52.
1101 1652 1134 1681 Si
1157 1657 1187 1681 te
1208 1662 1304 1690 aequo

800 1692 902 1720 animo
918 1691 994 1720 ferre
1017 1691 1149 1729 accipiet.
1174 1691 1255 1720 And.
1272 1692 1302 1720 ii.

801 1729 828 1766 3,
843 1730 892 1760 23.
935 1730 1074 1759 Restitue
1097 1730 1129 1758 in
1148 1739 1238 1768 quem
1254 1740 1304 1759 me

799 1769 1187 1846 ff...
1208 1768 1303 1836 mg.

799 1846 910 1876 melius
938 1857 1073 1884 prorsum
1112 1856 1210 1885 neque
1237 1856 1302 1885 pro-

797 1885 901 1920 lixius.
925 1885 1006 1916 Eun.
1023 1896 1051 1915 v.
1066 1885 1094 1922 8,
1109 1885 1155 1915 52.
1199 1885 1303 1914 Hanc·

800 1925 850 1954 ine
873 1934 926 1963 ego
953 1930 986 1954 ut
1000 1924 1218 1954 contumeliam
1239 1931 1300 1953 tam

800 1964 948 2002 insignem
978 1964 1009 1992 in
1048 1973 1098 1992 me
1130 1963 1302 2001 accipiam?

799 2002 880 2032 Eun.
904 2003 943 2032 iv.
969 2002 997 2037 7,
1015 2001 1040 2032 l.
1084 2002 1243 2031 Aliorsum
1259 2006 1302 2031 at-

819 2051 857 2070 ue
872 2051 925 2080 ego
940 2041 996 2070 feci
1011 2041 1162 2079 acceperit.
1186 2041 1266 2070 Eun.
1280 2041 1299 2070 i.

820 2103 827 2116 ‚
853 2080 880 2109 2.
925 2080 1009 2109 Malo
1034 2090 1087 2118 ego
1114 2090 1167 2109 nos
1189 2080 1301 2118 prospi—

798 2128 874 2154 cere,
899 2129 990 2157 quam
1015 2118 1098 2147 hunc
1122 2118 1227 2147 ulcisci
1252 2128 1301 2147 ac-

796 2156 1299 2224 ffiss‘zogssffffi„,f,²,¹¹{,¹,·„¹g,·,⁶;„².‡:

793 2235 882 2271 piunt
897 2234 997 2272 magis.
1016 2233 1195 2271 Adelph.iv.
1212 2233 1241 2268 3,
1253 2231 1298 2262 15.

798 2272 916 2300 Partim
942 2282 1018 2310 quae
1040 2273 1142 2308 accepi
1166 2272 1298 2300 auribus.

798 2310 875 2340 Hec.
901 2311 944 2339 iii.
966 2309 994 2344 3,
1016 2310 1043 2339 3.
1086 2310 1170 2346 Quot
1185 2311 1300 2339 incom-

798 2349 956 2377 moditates
978 2349 1009 2377 in
1033 2349 1087 2377 hac
1110 2358 1141 2377 re
1163 2349 1298 2387 accipies,

797 2387 855 2416 nisi
879 2389 990 2416 caves?
1012 2387 1123 2416 Heaut.
1147 2397 1174 2416 ν.
1202 2386 1227 2423 1,
1251 2387 1298 2416 59.

799 2426 868 2455 Mea
882 2436 970 2455 causa.
983 2436 1105 2455 causam
1126 2425 1203 2454 hanc
1222 2426 1300 2455 acci-

794 2465 862 2501 pite.
907 2464 983 2494 Hec.
1020 2464 1085 2493 Alt.
1126 2463 1208 2494 Prol.
1250 2465 1297 2497 47.

796 2504 1002 2539 Quamobrem
1045 2503 1176 2541 accipere
1218 2503 1299 2533 hune

796 2542 873 2570 mihi
889 2543 1165 2580 expediatmetum.
1183 2542 1296 2572 Heaut.

796 2581 828 2609 ii.
845 2580 872 2616 3,
888 2581 935 2609 96.
972 2581 1039 2609 Abs
1053 2581 1153 2619 quivis
1165 2581 1297 2617 homine,

795 2629 863 2648 cum
881 2623 926 2647 est
940 2629 1024 2656 opus,
1048 2620 1231 2648 beneficium
1248 2630 1298 2649 ac-

794 2657 1298 2734 51102352321222-..2225212e2ez

795 2735 832 2764 ab
855 2734 910 2763 illo
933 2735 1101 2773 injuriam?
1124 2735 1247 2764 Phorm.
1269 2746 1296 2764 v.

794 2773 823 2809 2,
838 2774 867 2802 4.
901 2773 1085 2811 Accipienda
1096 2779 1126 2802 et.
1137 2774 1298 2802 mussitan-

795 2812 832 2840 da
852 2812 965 2850 injuria
988 2811 1225 2841 adolescentium
1242 2817 1295 2841 est.

797 2850 926 2888 Adelph.
953 2851 984 2878 ii.
1019 2850 1043 2883 l,
1071 2850 1117 2879 53.
1162 2851 1298 2888 Indignis

795 2899 890 2927 quum
899 2894 1016 2925 egomet
1027 2889 1082 2917 sim
1092 2893 1226 2927 acceptus
1234 2899 1298 2918 mo-

794 2929 851 2957 dis.
875 2927 1004 2965 Adelph.
1021 2928 1051 2956 ii.
1070 2927 1096 2963 l,
1114 2927 1160 2956 12.

833 2966 983 3004 accipiter]
1001 2966 1070 2994 Non
1086 2971 1150 2995 rete
1161 2966 1299 3004 accipitri

796 3006 939 3039 tenditur,
946 3014 1044 3043 neque
1051 3004 1157 3035 miluo.
1172 3005 1295 3035 Phorm.

795 3045 825 3074 ii.
842 3043 871 3081 2,
888 3043 935 3074 16.

1394 411 1539 444 accresco]
1585 408 1671 446 Quae
1699 409 1856 451 (amicitis)

1354 457 1425 477 cum
1459 452 1556 477 aetate
1588 450 1716 479 accrevit
1752 450 1856 480 simul.

1356 486 1439 516 And.
1456 487 1500 516 iii.
1517 486 1545 524 3,
1561 486 1588 518 7.

1392 525 1509 560 accubo]
1552 526 1635 555 Dum
1669 526 1859 564 accubabam,

1354 574 1444 602 quam
1459 565 1584 594 videbar
1605 565 1682 595 mihi
1705 575 1769 595 esse
1790 565 1859 604 pul-

1354 603 1425 632 chre
1440 603 1580 633 solu-ius?
1601 603 1680 634 Eun.
1696 605 1735 634 iv.
1752 603 1780 642 5,
1795 604 1823 634 2.

1393 641 1540 677 accumbo]
1584 643 1651 681 Ipsa
1691 642 1862 673 accumbere

1353 691 1483 710 mecum.
1508 681 1588 711 Eun.
1605 682 1649 711 iii.
1666 681 1695 718 3,
1710 682 1737 711 9.

1391 723 1540 755 accurate]
1572 719 1687 750 Saltem
1709 724 1859 751 accurate.

1355 758 1437 789 And.
1452 759 1495 788 iii.
1512 759 1541 796 2,
1558 758 1606 789 l4.

1391 801 1509 832 aecum]
1545 798 1614 835 Quo
1637 798 1732 837 magle
1753 808 1860 828 omnes
1919 820 1926 823 „

1353 846 1400 865 res
1423 837 1542 866 cautius
1562 847 1601 866 ne
1616 842 1730 868 temere
1747 838 1858 868 faciam

1351 885 1468 905 accuro.
1492 876 1567 905 Hec.
1583 887 1612 906 v.
1631 875 1657 912 1,
1675 875 1718 906 ll.

1392 917 1529 950 accurro]
1564 915 1648 944 And.
1686 915 1707 945 ἰ.
1733 914 1760 952 l,
1790 914 1857 945 106.

1353 952 1436 1020 {zum
1451 954 1482 983 ii.
1500 953 1527 990 3,
1542 954 1588 984 43.
1622 953 1748 984 Phorm.
1772 964 1802 984 v.
1827 953 1858 992 6,

1391 1030 1508 1068 accuso]
1528 1031 1591 1068 Qui
1604 1041 1698 1070 quum
1713 1031 1796 1061 hunc
1807 1041 1858 1061 ac-

1351 1074 1454 1100 cusant
1489 1070 1653 1105 Naevium,
1696 1069 1857 1107 Plautum,

1355 1108 1493 1138 Ennium
1507 1112 1654 1139 accusant.
1677 1109 1758 1139 And.
1771 1109 1855 1140 Prol.

1355 1146 1400 1183 18,
1429 1147 1472 1177 19.
1516 1148 1560 1177 Te
1587 1148 1669 1177 ultro
1696 1147 1854 1178 accusabit.

1354 1187 1433 1215 Eun.
1450 1187 1470 1216 i.
1489 1185 1516 1222 l,
1531 1186 1578 1217 24.
1616 1187 1762 1224 Quotidie
1771 1197 1857 1217 accu-

1350 1225 1462 1254 sabam.
1486 1226 1600 1256 Heaut.
1616 1227 1635 1255 i.
1655 1226 1681 1261 l,
1695 1225 1742 1255 50.
1780 1227 1858 1256 Am-

1353 1265 1391 1293 bo
1410 1265 1585 1294 accusandi.
1639 1265 1752 1294 Heaut.
1779 1265 1798 1294 i.
1829 1264 1856 1302 l,

1352 1303 1399 1334 67.
1444 1303 1492 1332 Ne
1517 1304 1589 1341 quid
1611 1303 1794 1334 accusandus
1815 1304 1857 1334 sis

1353 1342 1432 1371 vide.
1456 1342 1568 1372 Heaut.
1585 1343 1615 1372 ii.
1632 1341 1660 1378 3,
1678 1341 1742 1372 lll.
1777 1341 1856 1380 Eho,

1352 1381 1573 1419 numquidnam
1595 1384 1712 1411 accusat
1733 1382 1858 1412 vimm?

1354 1419 1429 1449 Hec.
1446 1419 1479 1449 ii.
1494 1419 1523 1456 2,
1538 1419 1587 1450 25.
1629 1420 1720 1456 Quod
1745 1430 1794 1450 me
1807 1430 1857 1450 ac-

1352 1461 1435 1487 cusat
1447 1468 1530 1487 nunc
1544 1460 1592 1488 vir
1604 1469 1673 1488 sum
1688 1464 1774 1489 extra
1781 1469 1857 1489 nox-

1353 1497 1424 1526 iam.
1449 1497 1525 1527 Hec.
1542 1498 1574 1527 ii.
1592 1497 1620 1534 3,
1635 1497 1662 1527 3.
1703 1498 1857 1528 Accusan-

1296 1547 1302 1554 ·
1352 1536 1391 1564 do
1406 1536 1470 1565 fieri
1493 1537 1642 1566 infectum
1665 1546 1727 1567 non
1748 1541 1856 1576 potest.

1354 1574 1477 1605 Phorm.
1493 1585 1521 1604 V.
1538 1575 1567 1612 8,
1582 1575 1629 1605 45.

1391 1617 1473 1649 acer]
1495 1614 1609 1644 Lenem
1624 1618 1740 1653 patrem
1765 1614 1858 1644 illum

1353 1652 1467 1681 factum
1499 1661 1548 1683 me
1575 1663 1639 1683 esse
1666 1653 1855 1683 amm-imum.

1355 1691 1479 1720 Phorm.
1494 1692 1525 1721 ii.
1545 1692 1571 1728 l,
1587 1691 1634 1722 32.
1676 1691 1780 1721 Prima
1797 1693 1857 1721 coi-

1353 1730 1394 1797 tig
1409 1735 1454 1759 est
1467 1731 1625 1760 acerrima.
1648 1730 1773 1760 thm.
1786 1731 1816 1761 ii.
1826 1730 1857 1768 2,

1391 1807 1523 1847 acerbus]
1544 1808 1671 1847 Nemini
1691 1818 1746 1847 ego
1769 1808 1858 1847 plura

1352 1846 1459 1876 acerba
1485 1848 1573 1876 credo
1601 1857 1665 1876 esse
1691 1857 1730 1877 ex
1753 1857 1856 1877 amore

1351 1884 1471 1953 homilia}
1487 1896 1622 1925 unquam
1637 1885 1747 1916 oblata.
1776 1886 1855 1916 ffic-

1352 1933 1395 1953 ιιι.
1433 1947 1457 1960 ,.
1477 1947 1483 1953 .

1389 1963 1511 1998 acriier]
1556 1962 1722 2002 Postquam
1755 1963 1857 1994 nerino

1351 2008 1434 2040 pater
1448 2002 1549 2031 instat.
1573 2001 1650 2031 Hec.
1666 2003 1686 2032 i.
1701 2002 1732 2037 2,
1746 2001 1794 2032 45.

1388 2044 1483 2076 actor]
1525 2040 1578 2070 Me
1604 2044 1732 2070 morem
1759 2041 1854 2071 dedit.

1351 2079 1409 2108 Sed
1425 2079 1475 2108 hic
1488 2083 1572 2108 actor
1585 2083 1706 2108 mutum
1719 2080 1856 2118 poter-ita

1350 2118 1499 2147 facundia.
1522 2118 1635 2147 Haeut.
1652 2118 1733 2148 Prol.
1747 2117 1793 2151 12.
1808 2117 1853 2148 13.

1350 2156 1472 2185 Actoris
1498 2166 1588 2195 open
1614 2157 1709 2195 magis
1735 2157 1855 2186 stetisse

1351 2204 1442 2231 quam
1465 2205 1527 2224 sua.
1551 2194 1676 2224 Phorm.
1701 2194 1783 2224 Prol.
1807 2194 1853 2225 10.

1351 2233 1450 2268 Quem
1465 2233 1576 2262 actoris
1590 2234 1686 2262 virtus
1699 2234 1788 2263 nobis
1807 2244 1854 2264 re-

1350 2271 1450 2339 ffltuit
1473 2271 1586 2301 locum.
1615 2271 1740 2302 Phorm.
1768 2272 1852 2303 Prol.

1387 2351 1481 2383 aetus]
1514 2349 1619 2378 Primo
1645 2352 1714 2379 actu
1740 2349 1852 2389 placeo.

1351 2387 1429 2416 Hec.
1444 2387 1510 2416 Alt.
1528 2387 1609 2417 Prol.
1626 2387 1674 2417 31.

1387 2429 1531 2461 actutum]
1576 2426 1700 2465 Aperite
1740 2426 1853 2466 aliquis

1348 2467 1478 2493 actutum
1509 2466 1630 2494 ostium.
1655 2465 1787 2504 Adelph.
1810 2467 1851 2496 ἰν.

1350 2504 1378 2538 4,
1405 2502 1452 2532 26.
1496 2503 1685 2542 Congredere
1711 2507 1850 2535 mum.

1350 2541 1472 2572 Phorm.
1488 2553 1514 2571 v.
1531 2542 1559 2578 6,
1579 2542 1623 2572 12.

1387 2581 1478 2618 acuo]
1504 2581 1591 2617 Quod
1617 2581 1687 2610 illos
1706 2586 1751 2611 sat
1769 2586 1852 2612 netu

1348 2622 1440 2649 acuet.
1463 2619 1542 2648 Adel
1567 2619 1594 2648 h.
1611 2630 1638 2649 V.
1655 2619 1683 2656 3,
1698 2620 1745 2649 49.

1386 2657 1441 2696 ad]
1474 2658 1531 2687 See
1563 2659 1644 2687 ndex
1658 2663 1691 2687 to
1705 2658 1810 2688 Nota.

1386 2697 1533 2732 adauqeo]
1550 2697 1597 2725 Ne
1609 2702 1662 2725 tua
1672 2690 1788 2727 dun-iffi
1796 2707 1850 2726 an-

1348 2727 1510 2802 aquatilia⁴
1531 2736 1621 2803 ειῑίιιῖιέι
1645 2735 1777 2765 adaucta
1799 2736 1850 2766 sit.

1383 2783 1437 2802 eau
1455 2797 1460 2802 .
1477 2783 1521 2802 111.
1622 2797 1628 2803 .

1385 2811 1503 2879 adbib01]
1525 2797 1657 2847 Is'mihi,
1672 2813 1723 2842 ubi
1738 2811 1852 2842 adbzbut’
1833 2813 1840 2819 '

1348 2850 1416 2888 plus
1429 2860 1486 2888 pau
1502 2861 1530 2886 o,
1542 2861 1595 2880 sua
1609 2852 1685 2889 quae
1695 2856 1797 2880 narrat
1806 2851 1850 2880 fa-

1348 2889 1465 2918 cinon-al
1487 2889 1600 2918 Heaut.
1617 2890 1648 2918 ii.
1667 2889 1694 2926 l,
1708 2889 1736 2919 8.

1386 2927 1479 2962 addo]
1507 2928 1596 2964 Quod
1618 2928 1674 2957 tibi
1698 2927 1849 2957 dieculam

1347 2966 1438 2994 addo.
1462 2967 1543 2996 And.
1570 2967 1608 2995 iv.
1631 2966 1660 3002 2,
1682 2966 1729 3000 27.
1774 2966 1849 2996 Ver-

1348 3005 1420 3033 bum
1437 3006 1459 3033 si
1474 3005 1639 3034 addideris.
1663 3005 1743 3034 And.
1767 3014 1796 3034 v.
1819 3005 1848 3041 2,

1350 3042 1394 3072 19.
1425 3042 1542 3082 Neque,
1557 3049 1764 3082 praeterquam
1775 3052 1857 3082 qun*
