2020 3412
253 254 336 296 fflm

249 369 342 400 oculis
361 379 423 399 non
445 370 510 399 vidi
534 371 619 400 meis.
643 370 756 400 Heaut.

251 410 297 439 iii.
330 409 355 446 1,
379 408 427 439 82.
475 409 558 439 Cave
585 419 668 439 nunc
692 410 757 449 jam

251 448 349 478 oculos
362 460 379 478 a
398 449 473 478 meis
494 448 584 478 oculis
603 459 756 488 quoquam

250 489 412 518 demoveas
426 493 503 518 tuos.
528 488 660 527 Adelph.
681 489 712 518 ii.
731 489 756 523 1,

253 527 299 557 16.
355 527 549 557 Adolescenti
579 529 634 567 ipsi
663 529 757 565 eripe-

251 577 317 596 rem
331 566 437 596 oculus.
461 566 594 605 Adelph.
609 567 653 597 iii.
668 567 698 602 2,
708 566 755 596 20.

252 606 349 636 Hisce
396 605 486 635 oculis
526 612 646 645 egomet
687 606 756 634 vidi.

252 645 385 684 Adelph.
415 646 458 674 iii.
489 645 518 680 2,
548 645 594 675 31.
640 646 678 674 Di
710 655 758 674 me

251 695 358 714 onmes
391 685 512 714 oderint
540 686 571 714 ni
600 685 695 723 magis
728 689 758 713 te

250 734 344 763 quam
372 723 467 753 oculos
495 734 575 752 nunc
602 734 655 753 e-Jo
689 733 758 751 amo

251 773 345 792 meos.
369 762 499 800 Adelph.
514 764 552 792 iv.
569 763 599 798 5,
611 762 658 794 67.
694 762 757 799 Qui

251 806 282 832 te
297 808 378 831 amat
394 802 461 839 plus
475 812 564 840 quam
582 802 670 832 hosce
691 811 758 830 ocu-

251 840 304 871 los.
338 840 469 879 Adelph.
497 851 524 870 V.
548 840 576 877 7,
600 841 626 871 5.
671 842 757 870 Nun-

251 890 344 919 quam
366 884 436 909 ante
460 880 542 909 hunc
570 881 652 909 diem
681 881 758 910 meis

249 919 341 948 oculis
355 929 432 954 eam,
458 920 539 958 quod
561 930 693 956 nossem,
714 920 758 948 vi—

250 958 364 988 deram.
388 958 464 989 Hec.
480 969 507 988 V.
524 959 552 996 4,
567 958 614 989 23.
651 960 758 989 Resta—

251 998 303 1027 bat
335 997 420 1027 aliud
454 998 534 1027 nihil
568 998 628 1027 nisi
661 997 758 1028 oculos

250 1047 380 1075 pascere.
433 1036 558 1067 Phorm.
591 1038 612 1067 i.
644 1037 673 1073 2,
709 1037 757 1067 35.

253 1075 346 1105 Alius
374 1076 411 1105 ab
438 1076 531 1106 oculis
557 1077 635 1106 meis
669 1076 756 1106 illam

251 1137 260 1145 .
278 1138 285 1144 .
303 1138 311 1146 .
326 1116 479 1145 abducet?
510 1116 634 1146 Phorm.
661 1117 706 1146 iii.
729 1116 757 1153 3,

254 1153 301 1184 15.
343 1154 411 1183 Nisi
439 1165 489 1184 me
515 1156 639 1184 animus
667 1155 757 1193 fallit,

250 1198 305 1261 {qt
332 1195 756 1263 parumlpssoepiiriulnffiuli'

291 1242 377 1261 norm.
403 1243 428 1261 V.
467 1256 474 1269 ,
511 1256 516 1262 .
590 1244 606 1262 e
709 1244 758 1263 um

251 1271 390 1301 exclude.
427 1271 552 1301 Phorm.
583 1282 610 1302 V.
646 1272 675 1310 7,
709 1273 756 1302 96.

252 1310 314 1340 Vin
347 1310 454 1346 facere,
490 1311 571 1348 quod
607 1317 660 1341 tuo
694 1312 758 1341 viro

250 1349 329 1379 oculi
338 1349 481 1379 doleant?
496 1350 656 1380 Phorm.V.
668 1351 696 1386 8,
707 1351 756 1381 64.

290 1389 354 1423 odi]
383 1389 507 1425 Amare,
535 1390 639 1425 odisse,
664 1392 759 1429 suspi—

250 1428 321 1458 cari.
344 1427 425 1457 Eun.
447 1427 528 1457 Prol.
545 1429 594 1459 40.
637 1429 758 1459 Mature

252 1472 287 1496 ut
315 1477 411 1505 quum
445 1468 582 1506 cognorit
615 1475 759 1507 perpetuo

251 1505 357 1535 oderit.
384 1505 465 1535 Eun.
489 1516 516 1536 V.
539 1505 630 1539 4.11.
674 1507 758 1537 Illud

251 1555 304 1574 rus
328 1545 410 1574 male
431 1545 490 1574 odi.
516 1545 648 1585 Adelph.
673 1547 713 1576 iv.
732 1546 758 1583 1,

250 1584 279 1618 7.
345 1584 386 1614 Di
414 1594 464 1614 me
492 1595 598 1615 omnes
632 1586 758 1616 oderint.

253 1622 385 1663 Adelph.
403 1624 441 1653 iv.
457 1623 486 1658 5,
502 1624 548 1655 67.
593 1625 682 1654 Miris
694 1635 758 1654 mo-

251 1663 299 1691 dis
325 1663 420 1692 odisse
453 1663 553 1702 coepit
581 1663 758 1694 Sostratam.

253 1701 330 1731 Hec.
353 1702 372 1731 i.
399 1701 428 1738 2,
456 1701 521 1732 104.
565 1703 637 1732 Uno
654 1704 759 1732 animo

251 1750 358 1770 omnes
380 1751 482 1770 socrus
505 1742 631 1772 oderunt
655 1752 758 1773 nurus.

253 1780 331 1810 Hec.
349 1781 379 1809 ii.
399 1779 426 1817 1,
441 1781 469 1810 4.

292 1818 407 1858 odiose]
452 1819 627 1850 Aeschinus
661 1821 760 1850 odiose

252 1862 357 1888 cessat.
382 1858 514 1896 Adelph.
530 1860 571 1888 iv.
587 1859 616 1895 2,
631 1860 679 1889 49.

292 1898 421 1932 odiosus]
445 1897 600 1928 Odiosum.
623 1899 700 1929 Hec.
716 1899 759 1928 iii.

253 1936 282 1972 4,
300 1935 345 1966 10.
390 1936 506 1967 Odiosa
520 1937 594 1967 haec
617 1944 661 1968 est
681 1944 761 1968 aetas

252 1975 497 2005 adolescentulis.
522 1976 598 2006 Hec.
615 1977 655 2007 iV.
668 1977 696 2012 3,
712 1977 760 2007 13.

254 2014 422 2044 Enimvero
437 2016 462 2044 si
477 2025 564 2054 porro
583 2026 647 2046 esse
668 2017 764 2046 odiosi

253 2054 386 2092 pergitis.
410 2054 534 2084 Phorm.
552 2065 580 2085 V.
597 2054 625 2091 7,
640 2056 688 2086 44.

293 2093 412 2131 odium]
447 2094 567 2123 Veritas
590 2095 691 2124 odium
712 2105 761 2134 pa-

254 2131 304 2161 rit.
336 2132 419 2162 And.
450 2133 469 2162 i.
502 2132 527 2169 l,
553 2132 600 2163 41.
652 2134 761 2173 Negoti

256 2171 281 2199 si
295 2171 415 2238 qilxaiffio
424 2171 527 2238 odxzsstm
536 2177 662 2217 ceperat.
681 2173 760 2202 Eun.

255 2218 464 2277 lisstis'odium*
472 2220 763 2288 ἑῗὲῃῖἷὲωᾚῖῗ

256 2286 342 2325 cipit.
366 2286 447 2316 Eun.
473 2297 503 2316 V.
524 2286 554 2321 5,
573 2287 600 2316 2.
645 2288 761 2317 Audivi

257 2326 374 2364 cepisse
400 2325 503 2354 odium
528 2326 575 2354 tui
603 2326 760 2356 Philume-

258 2373 340 2394 nam.
376 2364 454 2394 Hec.
483 2365 515 2394 ii.
547 2363 573 2402 1,
601 2365 649 2395 22.
700 2366 761 2402 Qui

258 2407 353 2439 amat,
366 2404 416 2432 cui
430 2403 499 2432 odio
513 2403 594 2442 ipsus
607 2409 660 2433 est.
685 2404 761 2435 Hee.

259 2442 304 2472 iii.
320 2441 349 2479 2,
365 2442 392 2471 8.
434 2442 602 2481 Nunquam
622 2443 689 2472 odio
711 2449 763 2472 tuo

260 2491 311 2510 me
330 2481 443 2510 vinces.
466 2481 590 2511 Phorm.
617 2492 644 2511 V.
670 2481 699 2519 6,
724 2482 762 2518 93

260 2520 280 2549 i.
296 2519 326 2557 2,
348 2519 398 2556 48,
422 2519 471 2550 59.
513 2519 622 2559 Neque
641 2521 708 2550 odio
732 2521 763 2550 id

260 2559 335 2588 fecit
359 2563 422 2588 tuo.
455 2558 580 2589 Phorm.
605 2570 633 2589 V.
659 2559 689 2596 8,
715 2559 762 2594 27.

261 2597 306 2643 'th
319 2602 446 2666 2caperet:
467 2598 569 2628 odium
586 2599 657 2629 mei.
686 2598 763 2629 Hec.

262 2646 303 2667 1V.
383 2660 390 2667 .

303 2660 453 2715 Oe’dipus]
476 2675 582 2706 Davus
605 2686 685 2714 sum,
703 2686 765 2707 non

263 2714 404 2752 Oedipus.
429 2715 509 2744 And.
526 2716 546 2744 i.
561 2715 591 2752 2,
602 2715 656 2746 23.

300 2753 432 2793 findo]
457 2753 588 2783 Paulum
612 2755 638 2784 si
659 2764 768 2784 cessas—

260 2797 335 2860 {¹:¹13
362 2793 446 2861 3¹5⁰?
460 2793 770 2871 sumsiffissdssiss‘iss'.

235 2888 242 2896 2
262 2870 413 2907 offendero
432 2870 487 2899 hac
507 2881 652 2909 unquam.
674 2871 766 2908 Eun.

264 2918 291 2938 V.
320 2908 349 2945 8,
376 2908 424 2939 34.
478 2909 647 2939 Texentem
675 2910 766 2940 telam

262 2948 396 2977 studiose
443 2948 536 2986 ipsam
583 2947 766 2986 offendimus.

264 2985 379 3016 Heaut.
402 2986 434 3017 ii.
458 2987 487 3023 3,
511 2987 567 3024 443
598 2988 643 3018 iii.
670 2987 767 3026 1‚*45.

263 3024 389 3056 Phorm.
406 3035 433 3056 V.
451 3024 478 3063 l,
492 3024 540 3056 31.

961 256 1161 300 INDEX

849 370 957 411 offero]
981 372 1159 411 Opportune
1182 374 1213 399 te
1238 369 1314 399 mihi

810 410 908 448 offers.
947 411 1027 440 And.
1058 411 1097 439 iV.
1126 409 1156 446 2,
1184 409 1212 439 3.
1255 408 1314 438 Cui

811 450 940 480 miserae
962 450 1087 488 indigne
1109 459 1162 488 per
1183 449 1247 478 vim
1270 449 1315 477 vi-

811 489 889 518 tium
903 489 1055 518 obtulerat.
1080 487 1211 526 Adelph.
1228 488 1271 517 iii.
1286 487 1316 523 2,

813 527 856 557 10.
902 528 1020 567 Oppido
1034 534 1201 566 opportune
1219 532 1249 556 te
1268 526 1316 556 ob—

811 567 906 597 tulisti
924 567 1002 596 mihi
1027 567 1158 596 obviam.
1183 565 1315 605 Adelph.

811 607 851 635 iii.
867 606 895 641 2,
911 606 957 635 24.
1003 606 1044 635 Di
1060 606 1114 635 tibi
1130 606 1232 635 omnia
1253 615 1317 634 om-

811 655 864 674 nes
897 655 1014 684 semper
1046 650 1148 684 optata
1180 645 1315 682 offerunt.

814 684 946 723 Adelph.
975 695 1003 714 V.
1033 684 1062 720 9,
1090 683 1140 713 21.
1195 684 1317 713 Incom-

811 724 901 753 mode
925 723 989 753 illis
1012 724 1072 753 fors
1096 722 1238 752 obtulerat
1265 724 1317 752 ad-

812 770 938 792 ventum
968 773 1081 793 meum.
1125 763 1246 792 Vitium
1271 768 1317 792 est

811 802 939 832 oblatum
954 803 1062 841 virgini
1079 802 1154 831 olim
1170 803 1207 831 ab
1218 804 1316 832 nescio

812 852 871 877 quo
893 842 1039 880 improbo.
1063 842 1140 871 Hec.
1156 842 1201 871 iii.
1218 840 1246 877 3,
1270 841 1315 878 10,

810 880 858 910 23.
914 881 1062 911 Inscitum
1097 881 1204 919 offerre
1234 880 1315 920 inju-

811 920 887 950 riam
901 921 958 950 tibi
970 930 1019 950 me
1031 921 1214 950 immerenti.
1238 920 1315 950 Hec.

811 970 839 989 V.
857 958 883 997 l,
899 959 945 990 13.
988 960 1142 996 Quantam
1156 958 1248 988 obtuli
1266 959 1318 988 ad—

811 1004 905 1067 {eqtu
920 1009 989 1029 meo
1003 998 1176 1029 laetitiam?
1197 998 1275 1030 Hec.
1287 1009 1315 1029 V.

849 1078 990 1116 officium]
1034 1077 1174 1107 Humani
1213 1077 1317 1116 ingeni

811 1118 962 1185 {anisueti
985 1118 1162 1189 ue87ani1111{
1203 1117 1317 1184 'officiass

846 1166 865 1185 n
890 1180 896 1186 .
926 1166 946 1187 1.
998 1179 1005 1192 ,
1075 1179 1082 1186 .
1165 1166 1251 1185 ocine
1272 1166 1303 1185 es

811 1195 938 1233 officium
961 1195 1078 1234 patris?
1099 1195 1181 1225 And.
1207 1195 1227 1224 i.
1243 1194 1273 1231 5,
1291 1194 1314 1224 l.

814 1235 843 1263 N
845 1235 1003 1272 eutiquam
1015 1234 1140 1271 officium
1151 1234 1241 1263 liberi
1253 1244 1317 1263 esse

812 1273 947 1303 hominis
971 1280 1053 1310 puto.
1078 1273 1160 1303 And.
1177 1274 1208 1303 ii.
1227 1272 1254 1309 1,
1268 1272 1314 1302 30.

814 1312 924 1351 Neque
938 1323 989 1351 pes
1012 1323 1112 1351 neque
1135 1322 1221 1342 mens
1245 1313 1318 1342 satis

812 1361 901 1381 suum
915 1352 1046 1390 officium
1067 1353 1147 1381 facit.
1170 1351 1251 1381 Eun.
1276 1352 1316 1381 iv.

813 1390 841 1427 5,
869 1391 897 1421 3.
941 1391 1020 1420 Tute
1047 1395 1163 1420 attente
1190 1390 1317 1420 illorum

812 1429 909 1467 officia
933 1430 1067 1468 fungere.
1098 1429 1211 1460 Heaut.
1239 1430 1260 1459 i.
1291 1430 1316 1467 l,

815 1468 859 1498 14.
903 1469 1050 1499 Hominis
1066 1470 1144 1508 frugi
1159 1475 1189 1498 et
1205 1475 1317 1508 tempe-

812 1508 906 1538 rantis
946 1509 1068 1538 functus
1109 1518 1141 1537 es
1180 1509 1316 1546 officium.

813 1547 927 1577 Heaut.
942 1547 986 1577 iii.
1003 1547 1031 1583 3,
1048 1546 1092 1577 19.
1137 1547 1221 1576 Malo
1235 1558 1317 1577 coac-

813 1590 862 1615 tus
890 1587 943 1625 qui
972 1597 1060 1616 suum
1083 1586 1211 1624 officium
1234 1587 1315 1616 facit.

814 1625 946 1665 Adelph.
963 1626 981 1655 i.
1000 1625 1026 1662 1,
1042 1626 1088 1655 44.
1126 1625 1236 1664 Neque
1246 1627 1317 1655 boni

812 1674 912 1703 neque
939 1664 1074 1694 liberalis
1099 1665 1223 1694 functus
1254 1665 1316 1703 offi—

812 1705 890 1733 cium
914 1708 960 1733 est
981 1705 1047 1734 viri.
1073 1703 1204 1738 Adelph.
1225 1704 1266 1734 iii.
1288 1704 1317 1735 4.

814 1742 859 1772 18.
918 1743 1057 1773 Functus
1098 1742 1318 1772 adolescentuli

813 1786 858 1812 est
876 1782 1006 1821 officium
1027 1782 1168 1812 liberalis.
1192 1781 1317 1812 Phorm.

812 1822 844 1852 ii.
870 1821 896 1856 1,
921 1821 970 1851 52.
1012 1822 1076 1851 Nos
1099 1826 1202 1851 nostro
1225 1822 1319 1860 officio

812 1860 893 1929 111‹i)hil
908 1861 1067 1900 degressos.
1091 1861 1216 1890 Phorm.
1232 1862 1272 1891 iV.
1289 1860 1318 1898 5,

852 1937 987 2000 offirmo]

1017 1939 1136 1968 Censen
1157 1949 1242 1978 posse
1270 1949 1320 1969 me

812 1978 964 2016 offirmare
975 2002 982 2008 .

1009 1978 1090 2008 Eun.
1107 1979 1127 2008 i.
1143 1977 1230 2015 2,11.
1272 1978 1320 2007 Ne

814 2022 876 2046 tam
901 2017 1021 2055 offirma
1044 2023 1082 2047 te.
1106 2017 1220 2047 Heaut.
1246 2028 1274 2046 V.
1290 2017 1319 2053 5,

814 2056 841 2086 8.
872 2056 996 2086 Certum
1013 2057 1164 2095 offirmare
1179 2061 1224 2086 est
1237 2057 1320 2086 Viam

814 2106 864 2124 me
891 2106 988 2163 quam⁵
1013 2096 1137 2163 ‘decrevi
1170 2096 1319 2134 persequi.

816 2135 998 2212 Hggyiiizi'o'
1027 2158 1132 2212 leque
1155 2173 1193 2202 ad
1214 2183 1319 2203 aurem

814 2213 962 2279 oyycltlniaht.
1007 2212 1110 2279 Phorin.
1127 2222 1155 2241 V.
1171 2211 1200 2249 8,
1215 2211 1264 2241 41.

853 2261 870 2279 ο
914 2260 931 2279 o
950 2261 965 2280 e
1035 2261 1134 2280 assim.

853 2274 932 2327 ole’o]
969 2249 1116 2325 absonat,
1143 2292 1237 2327 potat,
1262 2288 1320 2318 olet

815 2331 989 2399 uuffusseptffl
1015 2328 1052 2357 de
1076 2338 1153 2357 meo.
1185 2327 1317 2366 Adelph.

814 2377 833 2396 ι.
872 2390 878 2402 ,
935 2390 941 2396 .

853 2404 980 2444 olfacio]
997 2405 1028 2434 N
1030 2415 1068 2434 on
1080 2415 1133 2435 sex
1148 2406 1219 2434 totis
1233 2415 1319 2434 men-

814 2444 896 2512 sipu3s
906 2445 986 2512 pEus
996 2444 1173 2484 offecissem?
1186 2443 1318 2482 Adelph.

813 2493 856 2512 111.
894 2507 902 2519 ,
957 2506 964 2513 .

853 2521 922 2551 olim
958 2522 1085 2552 Passim.

854 2559 918 2590 olus
970 2561 1063 2591 Olera
1096 2565 1126 2590 et
1159 2560 1320 2600 pisciculos

816 2599 959 2629 minutos.
983 2600 1063 2629 And.
1080 2600 1112 2629 ii.
1128 2599 1157 2636 2,
1173 2599 1219 2630 32.

819 2677 848 2706 A
855 2638 1099 2706 ognefa]2E{9lege
1109 2643 1200 2677 atque
1214 2640 1317 2669 omine.

850 2686 870 2706 n
894 2699 901 2706 .
917 2687 938 2707 1.
975 2701 982 2714 ,
1037 2700 1043 2706 .

856 2716 996 2755 omissus]
1020 2716 1082 2745 Ubi
1096 2719 1126 2744 te
1140 2716 1204 2745 vidi
1218 2716 1320 2745 animo

817 2764 880 2784 esse
902 2756 1017 2785 omisso.
1054 2755 1166 2784 Heaut.
1192 2765 1220 2784 V.
1246 2755 1275 2790 2,
1292 2756 1319 2784 9.

820 2793 867 2822 Ne
876 2794 913 2823 ab
922 2803 953 2823 re
964 2794 1026 2823 sint
1040 2797 1142 2822 tamen
1157 2794 1322 2823 omissiores

818 2831 932 2872 paullo.
954 2832 1085 2870 Adelph.
1102 2842 1129 2862 V.
1146 2832 1174 2865 3,
1188 2832 1235 2862 45.

856 2870 973 2911 omitto]
990 2874 1035 2900 At
1045 2871 1074 2900 id
1085 2871 1196 2900 omitto.
1208 2871 1320 2900 Heaut.

818 2910 858 2940 iv.
877 2909 903 2946 l,
917 2909 964 2940 24.
1007 2909 1139 2948 Adelph.
1154 2910 1172 2939 i.
1185 2909 1214 2945 2,
1229 2909 1246 2941 7
1259 2921 1267 2946 ς
1289 2910 1320 2938 ii.

818 2949 848 2985 2,
862 2948 921 2985 24;
943 2959 970 2978 V.
993 2947 1082 2986 8,19.
1126 2948 1237 2978 Omitto
1257 2959 1323 2987 pro-

819 2988 913 3027 loqui.
936 2987 1061 3017 Phorm.
1081 2997 1110 3017 V.
1135 2986 1163 3023 6,
1182 2986 1230 3016 21.
1274 2987 1321 3017 Cf.

820 3026 900 3058 Eun.
915 3037 944 3057 V.
967 3025 996 3064 6,
1021 3025 1067 3057 19.
1109 3025 1218 3056 Omitte
1237 3026 1275 3055 de
1293 3030 1323 3055 te

1365 369 1474 399 dicere.
1497 368 1580 399 Eun.
1594 379 1623 399 V.
1639 368 1725 406 5‚19.
1757 368 1872 400 Uzalis

1365 409 1508 438 omittam.
1551 408 1664 438 Heaut.
1690 408 1736 439 iii.
1766 407 1794 445 l,
1821 408 1872 439 48.

1368 447 1477 478 Omitte
1499 457 1570 477 vero
1597 447 1752 477 tristitiam
1776 452 1870 478 tuam.

1369 487 1499 526 Adelph.
1523 487 1556 516 ii.
1580 487 1609 523 4,
1633 486 1659 516 3.
1701 487 1774 516 Jam
1800 496 1872 516 vero

1366 527 1466 556 omitte
1480 550 1486 556 .
1500 549 1507 555 .
1521 549 1527 556 .
1543 531 1627 556 tuam
1642 526 1739 555 istanc
1751 526 1873 556 iracun-

1368 566 1457 595 diam.
1474 566 1607 604 Adelph.
1623 565 1662 595 iv.
1679 564 1708 602 7,
1723 564 1772 596 36.
1789 565 1872 602 Quin

1367 607 1466 634 omitte
1488 615 1546 635 me.
1570 604 1694 634 Phorm.
1720 605 1764 634 iii.
1788 603 1819 642 2,
1845 603 1871 635 1.

1368 644 1416 674 Cf.
1434 643 1566 683 Adelph.
1582 644 1617 674 ii.
1633 643 1660 681 1,
1677 642 1732 675 18...

1406 683 1541 722 omnino]
1574 683 1644 717 Non
1673 682 1797 722 impulit
1821 692 1872 713 me

1367 722 1441 752 haec
1466 733 1546 752 nunc
1566 722 1685 752 omnino
1709 727 1745 752 ut
1771 722 1873 752 crede-

1367 772 1440 791 rem.
1473 762 1555 792 And.
1581 762 1625 792 iii.
1649 761 1679 798 2,
1700 762 1748 791 44.
1791 760 1874 798 Quia

1367 811 1429 830 non
1469 801 1553 841 justa
1593 801 1710 830 in'usta
1750 810 1873 840 prorsus

1367 841 1470 870 omnia
1479 841 1622 870 omninoo
1659 849 1761 879 equor.
1778 838 1873 870 Adel-

1367 880 1416 916 phi
1432 890 1459 909 V.
1476 879 1504 916 9,
1522 879 1567 909 33.
1590 879 1677 916 Quae
1690 888 1740 908 me
1753 878 1872 908 omnino

1365 918 1497 958 lapidem
1520 929 1581 948 non
1603 918 1759 948 hominem
1774 921 1872 958 putas.

1369 958 1444 988 Hec.
1467 958 1499 988 ii.
1527 957 1554 993 1,
1581 957 1626 990 17.
1669 957 1798 988 Omnino
1821 957 1873 987 ab·

1367 997 1488 1027 horrere
1506 998 1646 1027 animum
1666 996 1738 1026 huic
1752 996 1842 1026 video
1854 1006 1874 1026 a

1366 1037 1490 1075 nuptiis.
1513 1037 1590 1066 Hee.
1605 1037 1646 1066 iv.
1661 1035 1690 1073 4,
1704 1034 1752 1066 92.

1405 1075 1518 1115 omnis]
1542 1075 1670 1105 Passim.

1409 1114 1560 1152 Omphala
1587 1113 1874 1144 Herculesservivit

1369 1153 1545 1192 Omphalae.

1405 1194 1512 1232 onero]
1550 1193 1701 1222 Remittas
1735 1193 1796 1222 'am
1822 1202 1874 1222 me

1366 1230 1874 1301 3323?ss”judhanffltal'ssssa

1367 1294 1570 1379 esses&
1591 1310 1704 1379 {¹⁶21}ss
1720 1309 1872 1379 ssiat-..33-

1551 1373 1559 1386 Ἴ
1661 1383 1664 1386 ,
1864 1372 1874 1386 9

1369 1389 1490 1427 quantis
1523 1389 1793 1418 commoditatibus
1816 1411 1823 1419 .
1839 1411 1847 1418 .
1865 1409 1874 1418 .

1368 1427 1441 1457 hero
1454 1428 1625 1467 Antiphoni
1641 1451 1648 1457 .
1665 1451 1671 1458 .
1687 1451 1695 1458 .
1711 1428 1793 1457 hunc
1806 1437 1874 1457 one-

1368 1468 1458 1496 rastis
1479 1468 1585 1497 diem?
1606 1466 1732 1497 Phorm.
1755 1477 1784 1496 V.
1801 1465 1829 1503 6,
1843 1466 1872 1496 2.

1369 1506 1547 1536 Humerum
1561 1506 1642 1536 hunc
1659 1516 1749 1536 «mero
1768 1505 1873 1545 pallio.

1369 1545 1494 1575 Phorm.
1510 1556 1538 1575 V.
1554 1545 1582 1582 6,
1597 1546 1626 1575 4.

1370 1584 1875 1653 Αὲἔωέἳώὲἔὴὲῗῇῗῖἔοὲἕ·

1365 1663 1442 1702 juta.
1465 1662 1543 1693 Hee.
1558 1663 1603 1693 iii.
1619 1662 1648 1699 2,
1663 1662 1710 1693 24.
1742 1662 1874 1702 Pauper-

1368 1707 1414 1731 tas
1425 1702 1501 1731 mihi
1515 1712 1589 1732 onus
1599 1702 1698 1732 visum
1713 1707 1759 1732 est
1772 1707 1803 1732 et
1816 1703 1875 1731 mi-

1369 1751 1471 1770 serum
1493 1746 1523 1770 et
1545 1752 1644 1780 grave.
1667 1741 1792 1771 Phorm.
1807 1741 1828 1771 i.
1843 1740 1874 1778 2,

1367 1780 1415 1810 44.
1449 1780 1662 1810 Audacissime
1674 1781 1772 1810 oneris
1785 1781 1875 1819 quid-

1370 1819 1415 1848 Vis
1438 1820 1571 1856 impone,
1589 1827 1620 1849 et
1633 1819 1718 1850 feret.
1748 1819 1875 1849 Phorm.

1369 1859 1414 1888 iii.
1430 1858 1459 1894 3,
1474 1858 1524 1888 28.

1408 1899 1518 1936 opera]
1542 1897 1580 1926 In
1593 1897 1725 1937 prologis
1741 1897 1875 1928 scriben-

1369 1937 1415 1966 dis
1448 1947 1572 1975 operam
1604 1937 1748 1966 abutitur.
1790 1937 1873 1966 And.

1372 1975 1453 2005 Prol.
1469 1975 1499 2005 5.
1541 1975 1582 2005 Et
1605 1976 1734 2006 nuncid
1806 1985 1875 2005 ram

1370 2014 1417 2044 do.
1442 2014 1524 2044 And.
1540 2015 1560 2044 i.
1579 2014 1605 2052 l,
1623 2014 1688 2045 130.
1732 2014 1757 2045 C
1773 2039 1778 2044 .
1796 2015 1828 2045 ii.
1847 2014 1875 2051 1,

1371 2053 1398 2084 7.
1442 2053 1490 2083 Ita
1510 2054 1658 2083 obstinate
1675 2063 1800 2092 operam
1811 2054 1874 2084 dat.

1372 2092 1454 2122 And.
1470 2094 1493 2122 i.
1508 2093 1536 2130 ⁵,
1549 2092 1576 2122 8.
1619 2093 1744 2123 Faciam
1757 2092 1874 2130 sedulo,

1371 2132 1447 2161 dabo
1471 2141 1603 2169 operam.
1626 2131 1706 2161 Eun.
1729 2132 1762 2162 ii.
1781 2131 1810 2169 3,
1825 2131 1872 2163 70.

1372 2170 1461 2206 Quod
1471 2171 1502 2199 in
1515 2181 1602 2209 opere
1614 2170 1753 2200 faciendo
1766 2180 1875 2209 operae

1371 2210 1524 2238 consumis
1547 2214 1628 2239 tuae.
1661 2209 1775 2239 Heaut.
1798 2210 1818 2240 i.
1846 2209 1874 2246 1,

1370 2247 1418 2277 21.
1459 2248 1498 2277 In
1534 2247 1694 2287 paululum
1730 2249 1768 2277 da
1796 2248 1875 2278 mihi

1369 2297 1484 2324 operae.
1499 2286 1579 2316 Eun.
1594 2287 1623 2316 ii,
1635 2287 1664 2324 2,
1676 2287 1724 2317 50.
1741 2287 1875 2317 Audire-

1371 2335 1429 2364 que
1456 2335 1563 2355 eorum
1597 2331 1642 2356 est
1670 2336 1779 2365 operae
1809 2336 1875 2366 pre·-

1370 2365 1450 2393 tium
1475 2365 1641 2395 audaciam.
1686 2366 1767 2395 And.
1796 2365 1816 2396 i.
1846 2365 1875 2402 3,

1373 2402 1418 2433 12.
1461 2403 1588 2434 Frustra
1604 2414 1736 2443 operam,
1759 2405 1876 2443 opinor,

1371 2452 1466 2471 sumo.
1489 2443 1603 2473 Heaut.
1618 2445 1658 2473 iv.
1675 2442 1703 2480 3,
1721 2442 1766 2474 15.
1797 2443 1876 2482 Ope-

1370 2491 1438 2510 ram
1452 2482 1550 2511 amico
1565 2483 1615 2511 dat
1629 2492 1693 2512 suo.
1716 2482 1830 2512 Heaut.
1845 2492 1874 2512 V.

1373 2519 1399 2556 1,
1423 2519 1470 2554 37.
1496 2520 1583 2555 Illius
1601 2531 1694 2559 opera
1715 2544 1722 2551 .
1739 2544 1746 2551 .
1763 2545 1770 2552 .
1793 2531 1876 2551 nunc

1370 2559 1449 2588 vivo.
1481 2559 1612 2598 Adelph.
1635 2560 1668 2590 ii.
1690 2559 1719 2596 3,
1742 2559 1769 2590 8.
1812 2560 1876 2591 De-

1371 2598 1434 2627 dita
1447 2608 1547 2636 opera.
1571 2598 1652 2629 Eun.
1663 2609 1692 2629 V.
1702 2598 1731 2633 2,
1741 2598 1770 2630 2.
1805 2599 1878 2630 Una

1370 2647 1471 2676 opera.
1504 2637 1581 2667 Hec.
1608 2648 1634 2668 V.
1659 2637 1689 2675 2,
1714 2637 1760 2668 32.
1803 2637 1876 2668 Νοιι

1370 2676 1494 2705 fratrem
1505 2677 1589 2706 videt
1600 2677 1642 2706 rei
1653 2677 1724 2707 dare
1734 2677 1877 2715 operam?

1373 2715 1504 2754 Adelph.
1531 2716 1551 2745 i.
1576 2714 1606 2751 2,
1631 2715 1676 2746 15.
1713 2716 1785 2746 Non
1809 2725 1878 2746 mea

1371 2753 1714 2827 ‘iipssssf‘iff‘ffiip⁰¹13⁰i
1730 2793 1768 2823 lis
1784 2803 1878 2832 ..pm

1372 2832 1498 2861 luditur.
1541 2831 1666 2861 Phorm.
1698 2832 1731 2861 ii.
1764 2831 1793 2867 2,
1829 2831 1876 2862 18.

1375 2870 1513 2899 Tradunt
1578 2870 1687 2908 operas
1743 2875 1875 2901 mutuas.

1375 2909 1499 2938 Phorm.
1517 2908 1548 2937 ii.
1567 2907 1594 2944 1,
1610 2907 1656 2942 37.
1697 2908 1801 2948 Opera
1813 2910 1879 2939 vita

1374 2952 1446 2977 erat.
1462 2947 1493 2975 ii.
1509 2946 1537 2983 3,
1554 2945 1599 2976 16.

1413 2986 1531 3024 operio]
1569 2985 1598 3015 O
1635 2996 1721 3015 ruere
1753 2986 1877 3016 ostium.

1376 3025 1489 3055 Heaut.
1505 3034 1533 3054 V.
1551 3022 1578 3061 1,
1633 3048 1641 3056 .
1663 3024 1788 3056 Phorm.
1802 3035 1832 3056 V.
1847 3025 1878 3063 3,

1596 1164 1647 1183 un.
1663 1163 1690 1183 V.
1707 1153 1736 1190 7,
1751 1154 1779 1183 3.

1764 2755 1875 2784 evenit.
