2020 3412
273 262 359 306 &M

268 377 355 407 velis.
405 376 537 416 Adelph.
577 377 622 407 iii.
664 377 692 413 3,
730 376 774 406 18.

269 417 400 452 Quando
427 426 481 455 ego
505 421 595 446 tuum
619 426 681 445 non
704 426 776 445 curo

268 466 308 485 ne
337 466 412 485 cura
441 465 554 485 meum.
592 455 724 493 Adelph.
746 465 773 484 V.

268 495 296 530 3,
324 494 369 524 16.
421 495 466 524 Te
492 495 606 524 curasti
628 494 773 524 molliter.

267 533 400 572 Adelph.
426 544 454 563 v.
482 533 508 570 1,
536 533 561 563 l.
605 533 638 563 Si
663 534 775 562 metuis

266 574 339 603 satis
367 577 400 602 ut
430 583 515 602 meae
545 573 628 602 domi
655 576 776 601 caretur

267 612 438 651 diligenter.
458 612 534 642 Hec.
547 611 619 647 ii.3,
633 610 676 640 15.
711 611 774 639 Ad-

264 651 324 681 huc
338 651 445 681 curavi
458 661 556 680 unum
571 651 626 679 hoc
639 650 773 688 quidem,

264 695 300 760 171t
315 691 392 720 mihi
407 695 486 719 esset
500 690 582 719 fides.
607 689 731 719 Phorm.
744 699 771 718 v.

302 767 501 805 curriculum]
535 766 693 797 Curriculo
708 776 774 805 per-

263 817 358 837 curre.
382 807 495 836 Heaut.
514 807 553 836 iv.
569 807 599 843 4,
616 805 661 836 ll.

302 845 408 885 curro]
472 846 584 875 Servus
641 854 771 874 currens.

263 885 377 914 Heaut.
407 884 489 914 Prol.
506 883 552 916 37.
584 884 665 914 Eun.
687 884 771 914 Prol.

262 924 309 954 36.
352 924 386 954 Si
402 933 480 962 quae
499 923 648 953 laboriosa
664 929 720 958 est.
734 924 773 952 ad

262 974 313 993 me
345 964 488 993 curritur.
537 963 651 992 Heaut.
687 962 770 992 Prol.

261 1003 309 1032 44.
377 1002 505 1040 Propera
548 1023 557 1031 .
586 1025 593 1031 .
623 1024 629 1030 .
673 1011 769 1031 curre.

263 1041 394 1079 Adelph.
425 1041 468 1071 iii.
497 1040 527 1076 2,
556 1040 604 1069 56.
663 1040 772 1070 Pueris

260 1090 349 1110 curre
364 1081 495 1109 obviam.
523 1080 598 1108 Hec.
615 1080 660 1109 iii.
676 1079 705 1116 2,
721 1079 769 1110 24.

300 1119 422 1158 cursito]
460 1119 507 1148 Ne
535 1129 656 1148 sursum
684 1120 771 1148 deor-

261 1168 329 1187 sum
344 1159 475 1187 cur-sites.
498 1157 578 1186 Eun.
595 1159 626 1187 ii.
642 1157 671 1194 2,
686 1157 734 1190 47.

299 1198 400 1235 curso]
427 1196 475 1226 Ne
491 1197 557 1235 quis
577 1197 654 1225 forte
677 1197 769 1226 inter·

260 1237 389 1265 nuntius
426 1236 505 1265 clam
539 1246 557 1264 a
590 1235 691 1264 milite
732 1236 769 1264 ad

261 1275 352 1309 istam
371 1278 474 1304 curset.
507 1274 589 1303 Eun.
615 1274 646 1303 ii.
671 1274 699 1310 2,
719 1274 767 1303 56.

261 1314 311 1344 Ita
344 1314 493 1343 cursando
531 1318 624 1351 atque
661 1314 767 1342 ambu-

259 1352 352 1383 lando
385 1357 486 1382 totum
520 1352 602 1381 hunc
635 1354 767 1381 contrivi

259 1393 352 1422 diem.
386 1392 462 1421 Hec.
488 1402 516 1421 v.
543 1391 571 1427 3,
602 1390 646 1422 17.
691 1391 768 1421 Cur-

258 1432 330 1499 saril
350 1441 472 1500 rggsum
499 1440 647 1470 prorsum.
689 1430 765 1460 Hec.

259 1480 301 1501 ιιι.
339 1493 347 1507 ,
402 1494 409 1500 .

297 1509 413 1546 cursus]
440 1509 569 1539 Cursum
590 1518 661 1537 cum
681 1509 767 1538 insti-

260 1549 364 1578 tueris.
388 1548 513 1577 Phorm.
530 1558 557 1577 v.
575 1547 604 1584 6,
619 1546 646 1577 8.

297 1589 407 1626 custos]
443 1587 601 1616 Numnam
636 1586 686 1615 hic
719 1596 766 1616 re-

257 1626 350 1656 lictus
364 1627 478 1656 custos?
521 1626 600 1655 Nam
617 1626 660 1655 ibi
674 1629 767 1655 castos

279 1665 379 1695 ublice
398 1670 444 1695 est
465 1675 556 1695 nunc.
590 1664 672 1694 Eun.
688 1665 720 1694 ii.
736 1664 764 1700 2,

257 1676 306 1740 35,
341 1705 388 1734 59.
454 1704 515 1741 Oh,
553 1705 629 1733 bone
661 1707 764 1741 custos,

257 1743 348 1774 salve.
372 1744 495 1773 Phorm.
511 1744 543 1773 ii.
563 1743 589 1775 l.
604 1742 651 1774 57.

295 1783 432 1822 cyathus]
470 1782 598 1821 cyathos
617 1781 766 1812 sorbilans

256 1823 405 1861 paulatim
459 1821 541 1851 hunc
601 1822 765 1860 producam

257 1862 349 1891 diem.
373 1860 506 1899 Adelph.
523 1861 562 1889 iv.
578 1860 607 1895 2,
621 1860 669 1890 52.

297 1901 432 1939 cyprus]
454 1900 499 1929 Te
513 1900 601 1929 aiunt
614 1899 762 1938 proficisci

257 1939 401 1978 Cyprum.
439 1938 570 1977 Adelph.
596 1939 629 1967 ii.
658 1938 686 1974 2,
718 1938 762 1968 16.

258 1978 348 2008 Aliae
383 1988 461 2017 quae
498 1982 584 2016 poi-to
619 1977 763 2015 Cyprum.

257 2017 390 2057 Adelph.
414 2018 446 2046 ii.
468 2016 497 2052 2,
518 2016 566 2046 22.
610 2016 673 2046 Hic
697 2027 764 2054 pro—

255 2061 340 2125 Hmffi
361 2057 393 2087 in
409 2056 552 2096 Cyprum.
582 2055 715 2094 Adelph.
731 2056 762 2085 ii.

277 2119 285 2133 ,
340 2119 347 2126 .

294 2173 435 2211 Damno]
476 2172 602 2201 Ducent
634 2172 763 2201 damna-

255 2215 317 2241 tum
344 2212 479 2240 domum.
518 2211 643 2239 Phorm.
672 2211 704 2239 ii.
733 2210 761 2246 2,

255 2250 303 2279 20.
345 2250 432 2279 Tuus
446 2254 493 2278 est
511 2250 672 2280 damnatus
690 2259 762 2287 gna-

255 2295 315 2325 tus,
329 2299 390 2318 non
406 2293 449 2317 tu.
481 2288 606 2317 Phorm.
621 2288 654 2316 ii.
669 2287 697 2323 3,
713 2287 760 2318 75.

293 2326 466 2365 damnosus]
520 2326 628 2362 Gen-ro,
670 2327 761 2361 iners,

254 2367 346 2403 fraus,
358 2366 461 2403 heluo,
492 2375 576 2401 aneo,
592 2366 760 2394 damnosus.

257 2406 372 2436 Heaut.
388 2415 416 2435 v.
431 2405 461 2440 4,
496 2404 524 2434 0.

294 2444 454 2482 damnum]
480 2442 761 2473 Dederitdamnum

254 2489 307 2514 aut
330 2483 456 2513 malum.
490 2482 571 2512 And.
597 2482 616 2511 i.
643 2480 670 2518 l,
691 2480 760 2511 116.

255 2523 415 2562 Numquid
430 2527 476 2552 est
489 2520 572 2550 aliud
589 2519 662 2549 mali
674 2520 760 2549 dam-

254 2563 342 2592 nive.-
364 2561 445 2601 quod
467 2570 529 2590 non
553 2560 667 2589 dixeris
691 2558 761 2588 reli—

275 2611 350 2631 uum
361 2602 376 2630 Ρ
398 2601 479 2630 Ειιιι.
495 2609 523 2629 v.
539 2598 568 2636 5,
582 2598 630 2628 25.
657 2597 760 2627 Herus

275 2650 364 2670 amno
378 2644 486 2669 auctus
499 2644 553 2668 est.
586 2637 700 2667 Heaut.
716 2637 759 2667 iv.

256 2679 284 2714 l,
301 2678 346 2709 15.
389 2678 535 2708 Paullum
564 2676 642 2706 lucri
665 2685 758 2714 quan—

254 2724 321 2748 tum
331 2719 358 2747 ei
370 2718 476 2747 damni
485 2720 629 2755 apportet.
645 2714 757 2744 Heaut.

253 2758 292 2788 iv,
305 2758 334 2793 4,
348 2757 395 2787 25.
419 2757 574 2786 Damnum
590 2755 759 2783 maximum

253 2801 307 2826 est.
331 2795 464 2863 Aidelph.
479 2795 511 2824 ii.
523 2794 552 2831 2,
561 2793 609 2823 23.
633 2792 756 2822 Phorm.

253 2836 285 2865 ii.
307 2835 331 2870 l,
369 2835 396 2865 3.

294 2874 416 2908 Danae]
447 2873 558 2902 Jovem
575 2895 581 2901 .
599 2894 607 2901 .
623 2894 631 2901 .
644 2870 758 2900 ⁴Danae

253 2914 372 2942 misisse
395 2914 440 2980 ὴὲ
451 2911 600 2978 ςτειῇιιιιιὲι
615 2910 757 2980 3i÷nbrem

252 2962 388 2981 aureum.
443 2961 495 2980 un.
512 2960 556 2979 ιιι.
593 2974 600 2986 ,
655 2972 662 2978 .

292 2990 417 3028 Davus]
470 2989 604 3019 Persona.
645 2991 691 3018 est
723 2987 757 3017 in

252 3029 386 3060 Andria.

987 259 1188 305 INDEX

831 374 922 444 Nde]
950 375 1078 406 Passim.
1122 374 1181 405 See
1194 373 1294 404 Index
1307 377 1339 404 ιο

864 420 938 444 otes.

867 453 967 492 Deae]
999 453 1044 482 Ut
1067 452 1159 482 illum
1185 452 1228 482 Di
1253 452 1338 482 Deae

828 501 933 522 omnes
948 492 1069 521 senium
1089 492 1223 531 perdant.
1255 491 1336 522 Eun.

827 532 859 561 ii.
886 531 915 566 3,
943 530 988 560 10.
1031 530 1079 560 Cf.
1098 530 1211 560 Heaut.
1238 532 1279 561 iv.
1308 530 1337 568 5,

827 570 853 599 6.
914 569 992 600 Hec.
1024 571 1042 599 i.
1072 569 1102 606 2,
1126 569 1174 600 59.
1218 569 1266 600 Ita
1295 569 1336 599 Di

825 608 973 647 Deaeque
987 609 1095 638 faxint.
1119 609 1195 638 Hec.
1209 609 1228 638 i.
1245 608 1273 646 2,
1286 608 1334 642 27.

828 647 954 677 Mulum
969 649 1049 687 quod
1064 648 1115 677 isti
1132 648 1175 677 Di
1190 647 1275 678 Deae
1298 658 1335 678 ue

825 686 1333 764 ⁰2222ffl352-0fh1‘e1‘fflt’.3·

824 764 986 794 ambulatio
997 766 1035 794 ad
1050 765 1229 804 languorem
1240 765 1333 796 dedit.

827 804 939 834 Heaut.
955 805 997 834 iv.
1013 804 1042 840 6,
1057 804 1086 833 2.

864 843 1036 882 deambulo]
1072 844 1135 873 Abi
1162 842 1333 873 deambula·

823 884 894 912 tum.
931 882 968 912 C.
990 882 1234 920 Deambulatum,
1249 884 1334 921 quo?

825 920 939 951 Heaut.
956 922 1001 951 iii.
1018 921 1046 957 3,
1060 921 1108 951 26.

861 961 986 998 deamo]
1030 960 1148 990 Deamo
1176 965 1217 997 te,
1245 960 1329 999 Syre.

824 998 939 1029 Heaut.
956 999 997 1029 iv.
1014 999 1043 1036 6,
1058 999 1106 1029 21.

862 1038 1035 1077 debacchor]
1070 1038 1103 1068 Si
1119 1039 1191 1068 satis
1202 1038 1267 1077 jam
1280 1038 1331 1068 de-

821 1076 984 1114 bacchatus,
999 1087 1031 1107 es
1059 1077 1140 1113 leno,
1154 1078 1224 1106 audi
1244 1079 1267 1106 si
1285 1079 1330 1107 vis

820 1125 1018 1184 3232323.
1041 1116 1214 1192 ..ῗὲεξῗοέη
1226 1116 1330 1185 ‘list-⁰11

821 1194 895 1222 me?
917 1193 1051 1233 Adelph.
1067 1194 1099 1224 ii.
1118 1194 1144 1230 1,
1160 1194 1208 1230 30,
1223 1193 1270 1224 31.

859 1232 962 1272 debeo]
1011 1233 1076 1271 Ego
1105 1233 1162 1262 hoc
1190 1233 1246 1262 tibi
1275 1243 1328 1271 pro

820 1272 944 1300 servitio
959 1271 1056 1301 debeo.
1079 1272 1162 1302 And.
1178 1272 1218 1302 iv.
1237 1271 1263 1307 l,
1278 1272 1325 1302 51.

819 1309 963 1346 Debeam,
979 1311 1079 1347 credo,
1090 1311 1140 1340 isti
1164 1312 1328 1349 quicquam

819 1349 974 1384 furcifero,
989 1351 1014 1379 si
1034 1351 1065 1379 id
1087 1350 1221 1379 fecerim.
1246 1350 1325 1379 Eun.

819 1398 846 1418 v,
871 1387 900 1424 2,
929 1388 977 1418 22.
1020 1389 1193 1418 Conveniet
1219 1399 1327 1418 nume-

819 1437 884 1501 ?{3
899 1427 1327 1506 3P³¹331¹¹31.?.5?1²3÷..113?323.

818 1504 915 1534 debeo.
958 1506 1053 1543 Quid,
1075 1507 1099 1535 si
1121 1507 1255 1535 animam
1275 1506 1326 1536 de-

817 1543 885 1573 bet?
909 1544 1031 1574 Phorm.
1049 1545 1089 1574 iv.
1106 1545 1133 1582 3,
1149 1544 1199 1581 51,
1214 1544 1261 1574 56.

856 1582 972 1622 debilis]
1003 1584 1146 1614 Membra
1167 1588 1253 1614 metu
1275 1584 1326 1614 de-

806 1620 889 1651 bilia
904 1628 984 1653 sunt.
1009 1622 1142 1662 Adelph.
1158 1623 1198 1653 iv.
1213 1623 1242 1659 4,
1257 1623 1284 1652 4.

855 1661 979 1700 decedo]
1011 1662 1106 1692 Servo
1132 1663 1266 1691 currenti
1293 1663 1323 1691 iu

816 1701 867 1730 via
886 1700 997 1730 decesse
1017 1701 1170 1740 populum.
1208 1701 1322 1731 Heaut.

817 1738 898 1768 l‘rol.
928 1739 975 1769 32.
1023 1740 1070 1770 De
1100 1750 1220 1770 summa
1246 1739 1324 1769 nihil

815 1778 938 1808 decedet.
983 1779 1115 1818 Adelph.
1150 1789 1178 1809 v.
1212 1778 1240 1816 3,
1275 1779 1322 1809 30.

815 1817 944 1847 Decedet
968 1818 1034 1857 jam
1061 1819 1107 1848 iia
1129 1818 1211 1848 haee.
1245 1818 1321 1848 Hec.

815 1857 860 1886 iii.
875 1857 905 1891 5.
918 1856 966 1886 55.

853 1896 994 1935 decerno]
1020 1896 1173 1935 Quicquid
1191 1897 1323 1935 peperis-

815 1939 869 1968 set,
884 1936 1072 1965 decreverunt
1091 1935 1206 1965 tollere.
1237 1936 1320 1966 And.

816 1975 834 2004 i.
860 1974 889 2011 3,
918 1975 964 2005 14.
1008 1974 1126 2010 Sumat,
1151 1980 1321 2011 consumat,

813 2015 927 2081 ἵξῃ-ἀει,
972 2014 1120 2043 decretum
1163 2019 1209 2043 est
1246 2015 1318 2051 pati.

849 2060 930 2083 caut.
946 2054 989 2082 iii.
1011 2052 1036 2089 1,
1059 2052 1105 2082 56.
1148 2052 1185 2082 Id
1206 2053 1318 2082 vitium

813 2101 972 2131 nunquam
1008 2092 1126 2121 decrevi
1164 2102 1245 2121 esse·
1266 2102 1320 2129 ego

812 2130 1040 2161 adolescentiae.
1066 2131 1142 2160 Hec.
1158 2131 1199 2161 iv,
1219 2129 1244 2167 l,
1259 2130 1308 2162 27.

851 2170 947 2210 decet]
985 2170 1073 2199 Facis
1104 2174 1138 2198 ut
1171 2175 1201 2198 te
1229 2169 1316 2198 decet.

815 2208 895 2237 And.
913 2210 944 2238 ii.
960 2209 989 2244 5,
1014 2207 1059 2237 10.
1102 2208 1150 2236 Ita
1173 2213 1209 2236 ut
1232 2209 1319 2237 fortis

811 2246 890 2276 decet
908 2247 1032 2276 milites.
1064 2246 1142 2275 Eun.
1159 2246 1199 2276 iv.
1219 2246 1247 2281 7,
1269 2247 1316 2276 44.

813 2284 903 2321 Heia,
923 2285 1004 2314 haud
1018 2285 1062 2314 sic
1074 2284 1163 2314 decet.
1191 2284 1270 2314 Eun.
1286 2295 1317 2315 v.

812 2323 840 2358 8,
856 2323 902 2353 35.
947 2323 1040 2353 Haud
1059 2324 1102 2352 ita
1116 2324 1203 2353 decet.
1238 2323 1314 2353 Hec.

810 2362 842 2391 ii.
859 2362 888 2400 2,
906 2362 950 2393 10.
992 2362 1105 2392 Fecisti
1120 2367 1156 2391 ut
1168 2362 1315 2392 decuerat.

812 2401 887 2430 Hec.
906 2403 944 2431 iv.
961 2402 989 2437 4,
1004 2401 1051 2430 66.

848 2439 969 2479 decido]
993 2440 1116 2476 Quanta
1136 2439 1173 2469 de
1194 2450 1207 2469 s
1228 2450 1245 2469 e
1265 2440 1314 2469 de-

809 2478 878 2508 cidi.
902 2479 1015 2509 Heaut.
1033 2479 1065 2508 ii.
1082 2478 1110 2514 3,
1125 2478 1153 2509 9.
1227 2480 1316 2517 nguis

846 2527 861 2546 r
872 2518 1057 2556 impluvium
1067 2517 1177 2547 decidit
1187 2518 1223 2547 de
1233 2523 1315 2557 tegu—

823 2557 858 2586 is.
879 2557 1004 2586 Phorm.
1021 2558 1060 2586 iv,
1077 2557 1106 2590 4.
1120 2556 1168 2586 26.
1198 2556 1315 2587 Mensis

809 2595 872 2663 2102
884 2596 1015 2625 dicimus
1036 2600 1090 2625 est.
1120 2595 1252 2634 Adelph.
1268 2596 1313 2625 iii.

846 2672 979 2711 decipio]
1011 2672 1159 2711 Deceptus
1182 2683 1259 2710 sum,
1283 2678 1315 2703 at

808 2721 869 2741 non
894 2713 1083 2749 defatigatus.
1114 2712 1194 2741 And.
1220 2713 1258 2742 iv.
1288 2712 1315 2750 l,

807 2750 854 2780 45.
896 2751 1066 2788 Dicipiam,
1100 2761 1134 2779 ac
1168 2761 1229 2780 non
1263 2762 1311 2781 ve-

807 2790 900 2820 niam.
934 2789 1047 2818 Heaut.
1068 2790 1108 2818 iv.
1130 2790 1159 2823 4,
1181 2789 1205 2819 6.
1251 2790 1314 2820 Ne-

807 2829 879 2867 quid
903 2832 1024 2867 propter
1044 2832 1127 2857 tuam
1150 2828 1241 2857 fidem
1263 2829 1312 2858 de-

806 2870 891 2934 cept?
910 2868 1057 2934 patiretur
1076 2866 1162 2896 mali.
1186 2867 1310 2898 Phorm.

807 2916 850 2936 ιιι.
887 2929 895 2942 ,
933 2928 939 2935 .

844 2943 977 2983 declaro]
1030 2943 1187 2982 cujusque
1228 2945 1311 2984 inge-

806 2985 892 3013 nium
906 2989 942 3014 ut
959 2984 1001 3012 sit
1012 2982 1146 3013 declarat
1166 2985 1308 3015 maxime.

806 3023 920 3053 Heaut.
935 3022 976 3053 iii.
992 3021 1021 3059 3,
1035 3021 1083 3052 43.

1429 373 1561 412 declino]
1591 373 1700 412 Neque
1716 372 1897 404 decl-‘natam

1390 415 1554 452 quicquam
1567 413 1604 442 ab
1621 412 1752 442 aliarum
1772 413 1783 442 i
1825 413 1896 443 enio

1390 452 1486 482 ullam
1501 452 1638 490 reperias.
1661 451 1738 481 Hec.
1754 451 1789 481 ii.
1824 474 1832 489 ,
1846 451 1876 482 3.

1428 491 1609 530 decrepitus]
1646 491 1728 520 Cum
1752 499 1822 520 meo
1843 490 1895 520 de-

1387 531 1500 598 lrepgg
1519 528 1845 598 h⁰2⁰¹mu⁰h22aessu¹3¹
1861 529 1894 559 ii.

1409 593 1416 606 ,
1502 593 1509 599 .
1597 579 1673 598 num
1767 571 1896 606 repntam

1386 609 1494 638 ducam
1507 609 1521 636 Ρ
1543 607 1676 647 Adelph.
1692 617 1720 636 v.
1735 605 1766 644 8,
1783 606 1830 636 16.

1425 646 1579 686 decumbo]
1642 646 1743 676 ‘Prior
1788 646 1891 676 bibas:

1385 687 1467 754 {gior-
1480 685 1642 716 decumbas.
1673 685 1799 714 Phorm.
1815 685 1850 716 ii.
1862 684 1893 723 2,

1423 763 1579 801 dedecoro]
1606 763 1671 799 Me,
1684 766 1717 792 et
1738 766 1780 799 ιο,
1794 766 1826 792 οι
1847 762 1892 792 fa-

1384 803 1502 832 miliam
1522 803 1689 833 dedecoras.
1719 801 1798 832 Hec.
1812 801 1845 832 ii.
1863 800 1891 839 l,

1422 881 1563 919 dedecus]
1590 880 1623 910 Si
1638 889 1702 909 una
1715 878 1789 909 haec
1801 879 1891 909 dede-

1382 921 1447 950 cori
1455 924 1501 950 est
1511 929 1627 958 parum.
1643 918 1757 948 Heaut.
1766 919 1797 948 ii.
1805 918 1834 955 3,
1839 918 1888 948 93.

1421 959 1510 998 dedo]
1561 959 1644 988 Cum
1682 959 1803 997 quibus.
1825 962 1890 987 emt

1381 1008 1501 1036 cunque
1528 1007 1591 1027 una
1618 997 1655 1027 iis
1681 1006 1746 1027 sese
1771 996 1887 1027 dedere.

1383 1037 1465 1067 And.
1494 1038 1512 1066 i.
1544 1036 1571 1074 1,
1602 1036 1652 1066 36.
1706 1035 1890 1076 Verberibus

1381 1086 1503 1106 caesum
1529 1080 1560 1105 te
1587 1076 1621 1104 in
1648 1075 1811 1114 pistrinum
1837 1074 1888 1104 de-

1380 1115 1461 1144 dam.
1496 1115 1578 1144 And.
1606 1114 1626 1144 i.
1655 1113 1685 1150 2,
1712 1113 1762 1143 28.
1804 1113 1888 1151 Tibi,

1378 1160 1472 1221 gater,
1494 1164 1545 1183 me
1566 1153 1652 1182 dedo.
1696 1153 1779 1182 And.
1803 1162 1832 1182 v.
1859 1153 1888 1189 3,

1399 1193 1426 1222 6.
1473 1192 1562 1222 Davo
1589 1202 1643 1230 ego
1671 1192 1751 1221 istuc
1777 1191 1888 1221 dedam

1376 1231 1440 1270 jam
1468 1232 1580 1270 negoti.
1619 1231 1699 1260 And.
1724 1240 1754 1260 v.
1779 1231 1808 1266 4,
1836 1230 1884 1261 50.

1379 1271 1473 1307 Quasi
1498 1270 1601 1299 dedita
1623 1279 1720 1308 opera.
1751 1269 1832 1299 Eun.
1857 1279 1884 1300 v.

1377 1309 1406 1346 2,
1422 1309 1449 1339 2.
1483 1310 1567 1346 Quid
1581 1309 1725 1348 coeptas?
1755 1308 1887 1347 Egone?

1378 1353 1413 1378 ut
1428 1349 1538 1378 Thaidi
1551 1358 1602 1377 me
1615 1348 1735 1378 dedam.
1758 1347 1839 1377 Eun.
1855 1357 1884 1378 v.

1377 1387 1405 1423 7,
1420 1387 1448 1417 2.
1483 1388 1643 1416 Habebam
1657 1387 1732 1416 alibi
1745 1387 1885 1416 animum

1377 1427 1473 1456 amori
1487 1427 1629 1456 deditum.
1646 1426 1723 1455 Hec.
1735 1425 1781 1455 iii.
1797 1424 1825 1462 l,
1836 1424 1882 1455 14.

1414 1466 1525 1495 deduco
1577 1465 1738 1495 Deducunt
1769 1464 1883 1495 cibum.

1378 1504 1459 1534 Eun.
1476 1505 1508 1534 ii.
1550 1529 1557 1541 ,
1577 1504 1625 1534 23.
1668 1504 1821 1534 Credebas
1845 1502 1884 1533 il-

1375 1543 1436 1573 lam
1453 1545 1517 1574 sine
1533 1549 1585 1573 tua
1599 1553 1688 1581 opera
1707 1544 1741 1572 in
1758 1543 1884 1572 cubicu-

1376 1582 1443 1612 lum
1476 1583 1513 1612 iri
1547 1583 1705 1612 deductum
1734 1582 1884 1611 domum?

1378 1621 1509 1660 Adelph.
1535 1622 1575 1651 iv.
1599 1621 1629 1658 5,
1653 1621 1701 1650 60.
1744 1621 1884 1650 Uxorem

1376 1661 1494 1690 deducit
1507 1662 1645 1690 domum.
1667 1660 1744 1690 Hec.
1755 1660 1777 1689 i.
1792 1659 1822 1697 2,
1833 1659 1881 1689 60.

1414 1700 1559 1738 defatiyo]
1588 1699 1743 1738 Deceptus
1757 1708 1836 1735 sum,
1850 1702 1882 1728 at

1375 1749 1437 1768 non
1459 1739 1651 1777 defatiyatuS.
1683 1738 1765 1767 And.
1788 1739 1828 1767 iv.
1853 1737 1882 1775 l,

1375 1778 1422 1807 45.
1455 1778 1541 1817 Opus
1554 1778 1673 1813 faciam,
1687 1782 1723 1806 ut
1735 1776 1882 1816 defatiyer

1374 1827 1480 1855 usque.
1507 1817 1587 1846 Eun.
1604 1817 1637 1846 ii.
1654 1815 1681 1853 l,
1697 1815 1744 1846 14.
1786 1816 1835 1845 Ita
1847 1826 1880 1846 se

1373 1856 1552 1924 ‹llqgttiyarit
1563 1855 1672 1885 velim.
1693 1854 1826 1894 Adelph.
1837 1855 1878 1885 iv.

1412 1933 1554 1972 defendo]
1581 1933 1711 1963 Summa
1730 1933 1761 1961 vi
1778 1931 1878 1971 defen·

1371 1973 1445 2002 dam
1460 1973 1547 2002 hanc.
1578 1972 1712 2011 Adelph.
1727 1972 1769 2001 iii.
1785 1972 1814 2007 4,
1827 1971 1877 2006 47.

1373 2013 1423 2042 Ad
1473 2011 1690 2051 defendendam
1741 2011 1877 2041 noxiam.

1371 2051 1498 2081 Phorm.
1517 2052 1536 2080 i.
1552 2051 1581 2087 4,
1600 2050 1647 2081 48.
1690 2049 1750 2079 Ille
1769 2050 1807 2079 ad
1826 2049 1878 2079 de-

1360 2090 1550 2128 fendendam
1601 2099 1723 2119 causam
1781 2089 1876 2119 adest.

1372 2129 1496 2158 Phorm.
1513 2130 1544 2159 ii.
1561 2129 1588 2165 1,
1603 2127 1651 2157 36.

1408 2167 1560 2206 defensor]
1625 2167 1700 2196 Esse
1739 2165 1876 2205 aliquem

1368 2209 1502 2235 amicum
1544 2211 1575 2235 et
1615 2206 1797 2243 defensorem
1834 2206 1874 2236 ei.

1371 2246 1451 2274 And.
1469 2246 1508 2274 iv.
1524 2244 1554 2281 5,
1572 2243 1617 2275 18.
1661 2245 1744 2274 Huic
1759 2244 1814 2283 ipsi
1828 2249 1875 2274 est

1368 2294 1441 2322 opus
1467 2289 1603 2323 patrono,
1627 2293 1720 2322 quem
1792 2293 1874 2314 emo-

1367 2332 1431 2352 rem
1444 2332 1523 2361 paro.
1547 2322 1627 2352 Eun.
1644 2323 1685 2352 iv.
1702 2322 1730 2359 6,
1784 2345 1792 2352 .

1405 2361 1520 2400 desero]
1550 2362 1627 2391 Mox
1648 2362 1780 2407 deserent
1801 2371 1874 2400 puo-

1366 2410 1435 2429 rum
1460 2400 1519 2430 huc
1542 2406 1613 2430 ante
1633 2405 1757 2431 ostium.
1788 2401 1872 2431 And.

1365 2439 1407 2469 iii.
1423 2439 1453 2477 2,
1467 2439 1515 2471 27.
1558 2439 1609 2469 Ad
1627 2439 1724 2469 alium
1738 2439 1775 2468 de
1789 2442 1874 2469 emar
1888 2468 1892 2469 ⁷

1364 2488 1494 2546 {regem
1550 2478 1664 2508 Heaut.
1702 2478 1784 2508 Pro.
1821 2478 1869 2508 45.

1365 2517 1871 2593 ..Essa‘zlzssztsshxffmff'ss‘ltiffif

1400 2595 1555 2634 deser-ceo]
1569 2595 1733 2634 Sperabam
1744 2595 1871 2634 jamde-

1354 2634 1484 2703 fergrissg
1498 2634 1743 2664 adolescentiam.
1776 2633 1867 2664 Adel.

1364 2674 1384 2703 i.
1422 2697 1429 2709 ‚
1445 2674 1462 2705 7
1485 2697 1491 2703 .

1402 2711 1570 2751 deficiscor]
1589 2710 1717 2750 Defessa
1723 2711 1787 2750 jam
1799 2721 1869 2742 sum

1364 2752 1474 2781 misera
1489 2757 1518 2781 ιε
1532 2751 1666 2780 ridendo.
1700 2750 1779 2780 Eun.
1796 2760 1824 2780 v.
1839 2750 1868 2788 6,

1364 2789 1391 2821 7.
1435 2791 1540 2831 Usque
1567 2790 1656 2819 ambo
1686 2789 1794 2828 defessi
1819 2799 1869 2819 su-

1363 2839 1440 2858 mus.
1473 2828 1606 2867 Adelph.
1632 2829 1661 2857 ii.
1682 2827 1715 2863 2,
1735 2828 1765 2858 5.
1805 2828 1869 2857 De-

1352 2867 1454 2906 fessus
1473 2877 1540 2896 sum
1554 2866 1747 2897 ambulando.
1776 2866 1869 2897 Adel.

1363 2907 1404 2936 iv.
1427 2907 1456 2941 6,
1479 2906 1503 2935 1.
1548 2906 1619 2935 Νοιι
1642 2916 1738 2944 queo;
1756 2906 1800 2935 ita
1818 2905 1870 2935 de-

1353 2944 1453 2983 fessus
1475 2955 1551 2974 sum.
1586 2945 1663 2974 Hec.
1689 2945 1736 2975 iii.
1762 2945 1792 2980 4,
1818 2944 1867 2975 29.

1364 2983 1473 3022 Neque
1539 2983 1697 3051 defetiscar
1761 2993 1866 3023 usque.

1363 3022 1487 3053 Phorm-
1505 3023 1545 3053 iv.
1580 3045 1589 3060 ,
1602 3021 1642 3051 23
