2020 3412
269 288 353 331 146

906 283 1252 329 EUNUOHUS.

386 401 540 458 Neque
562 399 739 456 aedepol
759 399 866 456 quid
884 414 1001 442 nunc
1021 398 1172 441 consili
1192 397 1359 454 capiam
1379 397 1464 439 scio

387 467 453 510 De
473 466 646 522 virgine
667 465 773 507 istac
791 481 800 507 t
832 465 894 507 ita
914 464 1178 507 conturbasti
1197 463 1309 505 mihi
1380 471 1384 475 ’

386 532 594 575 Rationes
615 546 774 581 omnes,
796 537 845 571 ut
866 545 961 572 eam
980 544 1068 570 non
1087 529 1247 584 possim
1266 529 1366 580 suis,

387 599 459 640 Ita
478 602 527 639 ut
549 612 733 652 aequum
752 596 892 637 fuerat
913 600 1041 650 atque
1061 599 1110 635 ut
1131 594 1288 645 studui,
1310 594 1493 645 tradere,

388 796 511 846 Fore,
534 794 675 836 Thais.

388 861 507 902 Malo
527 858 739 915 principio
759 872 919 913 magna
939 857 1209 899 familiaritas

389 925 585 967 Conflata
605 929 680 966 est.

394 1057 466 1099 Oh.
500 1057 596 1098 Iino
616 1057 678 1098 ita
698 1071 865 1112 quaeso.

388 1123 490 1165 Non
510 1138 579 1164 me
600 1122 748 1164 fecisse
769 1137 896 1164 causa
916 1122 990 1163 sed
1010 1121 1177 1163 amoris.

390 1189 450 1230 Et
469 1188 542 1244 pol
562 1193 788 1244 propterea
807 1188 948 1244 magis
967 1202 1084 1229 nunc
1103 1187 1279 1242 ignosco
1299 1186 1392 1228 tibi.

389 1254 491 1297 Non
512 1254 616 1296 adeo
637 1253 873 1295 inhumano
894 1252 1069 1309 ingenio
1091 1268 1197 1302 sum,
1222 1251 1424 1302 Chaerea,

1846 542 1893 573 30

388 665 452 708 Ut
473 664 657 707 solidum
676 677 872 718 parerem
891 661 973 702 1100
992 660 1104 702 1111111
1125 660 1390 710 beneficium,
1414 659 1615 702 Chaerea.

393 730 466 772 072.
500 729 562 771 At
582 743 698 769 nunc
719 727 875 768 dehinc
895 741 1017 781 spero
1039 732 1258 767 aeternam
1277 725 1391 767 inter
1411 741 1488 767 nos
1509 726 1696 782 gratiam

739 792 873 847 Saepe
894 806 949 833 ex
968 791 1215 847 hujusmodi
1234 807 1281 833 re
1302 791 1504 848 quapiam
1524 796 1567 833 et

746 923 863 970 Quid
882 923 919 965 si
939 923 1020 965 hoc
1041 923 1255 979 quispiam
1274 922 1411 964 voluit
1431 922 1548 965 Deus
1562 923 1583 964 P
1846 868 1891 900 35

393 991 467 1033 Th.
500 990 716 1047 Equidem
734 989 808 1046 pol
827 989 875 1031 in
895 1004 989 1031 eam
1009 994 1178 1045 partem
1199 989 1443 1045 accipioque
1464 994 1507 1031 et
1526 988 1636 1031 volo.

928 1056 1080 1098 Unum
1098 1055 1180 1097 hoc
1200 1055 1305 1097 scito
1323 1070 1333 1106 ;
1365 1055 1648 1097 contumeliae

1244 1120 1284 1161 T
1279 1123 1318 1162 h.
1351 1120 1447 1162 Scio
1462 1137 1472 1173 ;

1846 1198 1893 1228 40

389 1319 543 1375 Neque
563 1319 625 1360 ita
645 1319 846 1374 imperita
866 1322 915 1359 ut
935 1317 1041 1373 quid
1061 1332 1179 1358 amor
1199 1317 1341 1359 valeat
1360 1317 1560 1359 nesciam.

394 1385 467 1427 Oh.
501 1384 561 1426 Te
582 1399 751 1440 quoque
767 1384 872 1440 jam,
897 1383 1039 1433 Thais,
1063 1382 1124 1423 ita
1143 1398 1212 1423 me
1234 1382 1293 1423 Di
1312 1383 1421 1424 bene
1442 1387 1599 1434 ament,
1622 1397 1730 1425 amo.

387 1450 470 1503 Py.
504 1450 615 1491 Tum
634 1449 708 1505 pol
727 1449 808 1491 tibi
829 1450 882 1491 ab
902 1448 1021 1498 istoc,
1044 1449 1161 1498 hera,
1184 1448 1422 1490 cavendum
1442 1448 1653 1505 intelligo.

393 1515 467 1557 Ch.
501 1515 603 1557 Non
633 1515 782 1556 ausim.
844 1514 927 1567 Py.
961 1513 1088 1556 Nihil
1117 1514 1199 1556 tibi
1229 1513 1459 1570 quicquam
1488 1514 1625 1556 credo.
1698 1513 1773 1556 Th.
1805 1514 1891 1557 De-

1847 1591 1892 1623 45

445 1581 572 1623 sinas.

393 1645 467 1688 Oh.
500 1646 544 1688 N
546 1661 629 1687 unc
651 1661 731 1702 ego
751 1649 794 1687 te
815 1645 863 1687 in
881 1646 963 1687 hac
984 1661 1030 1688 re
1045 1637 1161 1687 ‘mihi
1180 1661 1254 1688 oro
1273 1649 1324 1686 ut
1344 1644 1537 1702 adjutrix
1556 1644 1637 1688 sies
1655 1661 1664 1688 :

387 1711 484 1767 Ego
504 1727 574 1753 me
594 1716 694 1753 tuae
715 1712 966 1753 commendo
987 1716 1030 1753 et
1051 1711 1271 1753 committo
1291 1711 1418 1763 fidei3

389 1776 448 1819 Te
468 1777 579 1818 mihi
599 1782 827 1834 patronam
848 1777 982 1833 capi0‚
1006 1777 1136 1819 Thais
1154 1793 1163 1828 3
1195 1782 1239 1819 te
1259 1777 1442 1819 obsecro.

389 1843 588 1885 Emoriar
609 1843 646 1885 si
665 1859 753 1885 11011
772 1844 885 1885 hanc
905 1859 1086 1885 uxorem
1106 1843 1279 1885 duxero.

393 1909 468 1951 Th.
491 1908 654 1950 Tamen
676 1908 712 1950 si
731 1914 855 1964 pater

390 1974 508 2017 Civis
526 1975 654 2016 modo
674 1974 780 2016 haec
801 1974 868 2016 sit.

975 1942 983 1950 .
1037 1908 1110 1951 Oh.
1135 1908 1287 1955 Quid?
1318 1909 1374 1951 ah
1394 1909 1522 1960 volet,
1546 1913 1663 1952 certo
1683 1908 1797 1961 scio3
1849 1920 1896 1951 50

936 1975 1009 2016 ΤΙι.
1043 1973 1277 2016 Paululum
1297 1975 1533 2031 opperirier

391 2039 439 2081 Si
457 2039 536 2089 vis,
554 2039 648 2096 jam
668 2038 802 2080 frater
822 2039 913 2094 ipse
934 2039 1006 2080 hic
1027 2039 1166 2080 aderit
1185 2040 1371 2096 virginis
1389 2056 1398 2082 ε

388 2104 617 2148 Nutricem
637 2104 886 2146 arcessitum
906 2104 942 2145 it
962 2119 1071 2160 quae
1091 2104 1214 2146 illam
1235 2105 1343 2147 aluit
1363 2105 1600 2161 parvulam.

316 2228 370 2258 28.
379 2227 542 2267 Aedepol]
561 2227 640 2258 This
649 2227 726 2258 oath
735 2227 762 2257 is
772 2227 838 2258 said
849 2231 882 2258 to
892 2227 973 2258 have
982 2227 1065 2258 been

274 2270 442 2310 originally
454 2271 596 2310 peculial·
612 2274 646 2301 to
657 2280 794 2308 women,
805 2281 840 2300 as
853 2273 860 2288 ‘
873 2273 1032 2302 mecastor
1043 2270 1062 2309 ;’

274 2323 328 2345 see
348 2316 425 2344 note
440 2323 483 2344 on
498 2313 520 2344 i.
541 2314 568 2343 l.
586 2315 648 2344 22:
673 2313 732 2344 but
757 2314 784 2344 it
806 2314 833 2344 is
853 2315 919 2344 also
931 2314 1010 2345 used
1022 2314 1066 2355 by

274 2367 360 2394 men,
385 2366 420 2387 as
444 2356 478 2386 in
496 2357 624 2397 Hecyra
638 2357 660 2387 i.
677 2359 708 2387 2.
726 2358 757 2394 8,
779 2357 884 2388 where
908 2358 1065 2388 Parmeno

275 2400 400 2441 speaks,
413 2399 486 2430 “Et
495 2403 532 2430 tu
544 2399 688 2440 aedepol,
701 2400 780 2440 Syra
790 2401 823 2438 ;”
835 2401 899 2431 and
911 2401 1063 2432 Phormio

274 2453 305 2474 v.
326 2444 355 2474 1.
372 2444 402 2480 8,
418 2443 524 2474 where
548 2443 702 2474 Chremes
727 2444 853 2483 speaks.
893 2444 933 2474 In
950 2444 992 2475 all
1008 2445 1064 2475 the

274 2486 436 2517 instances
460 2487 553 2526 given
571 2486 615 2527 by
631 2487 801 2517 Forcellini
825 2487 905 2518 from
931 2487 1064 2518 Plautus

275 2530 302 2561 it
321 2529 349 2560 is
360 2529 439 2560 used
455 2529 498 2570 by
514 2539 599 2560 men.
645 2529 709 2560 We
724 2530 792 2560 find
807 2530 873 2561 also
890 2530 947 2561 the
962 2531 1063 2561 forms

277 2575 285 2591 ‘
298 2572 373 2614 epol
382 2572 391 2587 '
407 2573 471 2603 and
487 2575 495 2590 ‘
506 2572 584 2613 pol.'

321 2617 373 2648 29.
396 2616 451 2646 Ita
467 2616 671 2647 conturbasti
686 2616 768 2646 mihi
780 2617 936 2647 Rationes
947 2626 1064 2653 omnes,

276 2658 353 2699 δῖα]
380 2662 388 2676 ‘
401 2658 602 2690 conturbare
617 2659 756 2690 rationes
770 2658 778 2672 '
795 2669 858 2690 was
874 2670 893 2690 a
909 2659 1066 2690 technical

275 2702 462 2743 expression
491 2702 579 2744 used'
597 2702 633 2732 of
666 2702 856 2742 bankrupts,
888 2703 959 2733 who
990 2713 1065 2743 pur-

274 2745 388 2786 posely
400 2745 502 2776 threw
517 2745 602 2776 their
615 2748 768 2776 accounts
789 2745 859 2776 into
884 2746 1063 2784 confusion,

275 2789 339 2820 and
365 2788 540 2819 defrauded
563 2788 646 2820 their
672 2788 837 2826 creditors,
864 2789 982 2829 paying
1005 2799 1066 2820 one

275 2832 310 2863 in
326 2831 511 2872 preference
525 2835 560 2863 to
575 2831 721 2867 another.
766 2832 837 2862 The
853 2835 861 2850 ‘
873 2832 962 2863 locus
986 2832 1065 2862 clas-

276 2874 380 2906 sicus'
404 2885 447 2906 on
469 2875 527 2906 the
547 2875 672 2915 subject
693 2875 719 2906 is
742 2875 776 2906 in
802 2875 923 2912 Cicero,
953 2875 1065 2906 Oratio

277 2917 340 2950 Pro
356 2919 485 2950 Plancio
511 2920 571 2950 28:
605 2921 626 2936 ‘⁴
641 2918 704 2949 Fac
727 2928 778 2948 me
805 2919 914 2949 multis
938 2918 1064 2956 debere,

275 2965 309 2993 et
323 2962 357 2992 in
371 2962 411 2993 iis
433 2962 579 3000 Plancio;
603 2964 712 2992 utrum
739 2962 837 3001 igitur
860 2972 912 2992 me
937 2965 1064 2993 contur-

276 3004 353 3036 bare
367 3009 514 3046 oportet3
537 3015 578 3036 an
595 3005 708 3036 ceteris
730 3015 803 3036 cum
828 3005 982 3046 cujusque
998 3005 1065 3036 dies

1108 2228 1229 2269 petitur
1244 2228 1416 2259 dissolvere
1426 2227 1462 2259 ?''
1508 2228 1631 2265 Cicero,
1643 2227 1678 2258 in
1693 2227 1848 2269 speaking
1862 2227 1901 2259 of

1109 2272 1164 2302 the
1179 2271 1386 2302 defalcations
1401 2271 1438 2302 of
1458 2271 1651 2302 Philotimus
1666 2271 1716 2302 his
1730 2271 1896 2302 freedman

1109 2315 1143 2345 in
1173 2317 1236 2345 two
1266 2315 1377 2346 letters
1407 2319 1441 2346 to
1467 2315 1596 2346 Atticus
1621 2314 1678 2356 (vi.
1697 2316 1730 2351 4,
1757 2313 1805 2355 5),
1832 2314 1897 2345 and

1109 2358 1237 2398 writing
1259 2358 1292 2388 in
1310 2358 1426 2395 Greek,
1451 2368 1524 2389 uses
1548 2358 1605 2389 the
1631 2357 1896 2399 expression·m-

1109 2402 1292 2442 φυρακέναι
1315 2401 1378 2439 τὰς
1393 2401 1529 2443 ψήφους
1543 2411 1578 2432 as
1593 2411 1635 2432 an
1649 2401 1833 2442 equivalent
1846 2401 1898 2432 for

1110 2445 1270 2475 ‘rationes
1301 2443 1562 2476 conturbavisse.’
1617 2444 1661 2475 So
1691 2444 1768 2475 here
1797 2444 1897 2475 Thais

1111 2497 1193 2528 says,
1212 2488 1304 2519 ‘You
1328 2489 1409 2519 have
1436 2488 1529 2519 made
1547 2497 1600 2519 me
1621 2487 1808 2528 banln'upt3
1831 2487 1896 2519 and

1111 2531 1127 2562 I
1144 2531 1225 2562 shall
1240 2535 1298 2562 not
1320 2532 1361 2562 be
1376 2532 1447 2562 able
1462 2534 1496 2562 to
1519 2531 1684 2571 discharge
1699 2541 1754 2572 my
1769 2530 1848 2562 debe
1861 2533 1897 2561 vo

1110 2574 1168 2605 her
1190 2574 1321 2612 friends,
1343 2585 1378 2605 as
1401 2585 1464 2605 was
1484 2575 1571 2615 right
1593 2574 1657 2605 and
1677 2574 1694 2605 I
1719 2572 1896 2605 intended!

1109 2618 1200 2662 Thqs
1227 2621 1489 2649 commentators.
1536 2618 1603 2649 But
1619 2617 1646 2648 if
1666 2627 1714 2648 we
1735 2617 1799 2648 will
1821 2616 1899 2658 only

1110 2661 1215 2700 forget
1238 2662 1330 2692 these
1353 2662 1585 2692 technicalities
1610 2661 1667 2691 the
1689 2661 1846 2701 language
1870 2659 1899 2691 is

1111 2705 1235 2744 exactly
1265 2705 1350 2735 what
1389 2715 1436 2736 we
1476 2704 1591 2736 should
1626 2704 1786 2735 ourselves
1827 2713 1897 2734 use.

1113 2747 1203 2778 ‘Yon
1213 2748 1293 2778 have
1305 2748 1431 2779 thrown
1446 2749 1515 2779 into
1528 2747 1698 2779 confusion
1712 2747 1757 2778 all
1768 2757 1822 2788 my
1833 2746 1899 2777 cal-

1111 2791 1277 2828 culations,
1300 2801 1334 2822 so
1359 2792 1430 2822 that
1455 2792 1472 2822 I
1500 2802 1558 2822 can
1581 2801 1625 2821 no
1642 2791 1754 2830 longer
1777 2792 1900 2820 restore

1111 2833 1169 2863 her
1183 2837 1217 2864 to
1234 2834 1291 2864 her
1311 2834 1429 2865 friends
1441 2845 1476 2866 as
1493 2835 1509 2865 I
1525 2833 1702 2865 intended.'
1747 2833 1819 2864 The
1833 2832 1900 2864 dis-

1111 2887 1225 2916 covery
1241 2877 1277 2907 of
1291 2888 1310 2908 a
1326 2878 1495 2918 metaphor
1515 2878 1542 2909 is
1557 2877 1614 2908 the
1628 2876 1789 2916 besetting
1805 2875 1854 2907 sin
1865 2875 1904 2907 of
1965 2862 1987 2935 Ξ

1111 2924 1370 2951 commentators.
1964 2951 1979 2964 gs

1109 2964 1207 3038 2332.
1234 2964 1400 3005 Solidum]
1429 2965 1488 2996 See
1503 2967 1580 2996 note
1599 2973 1642 2995 ou
1657 2961 1780 2996 Andria
1798 2962 1840 2994 iv.
1865 2962 1897 2994 l.
1967 3012 1978 3027 a

279 3049 404 3080 venerit
428 3049 489 3080 hoc
516 3059 636 3080 nomen
661 3048 748 3090 quod
772 3051 866 3089 urget
888 3059 975 3079 nunc
990 3058 1063 3079 cum
1108 3087 1111 3090 Δ
