2020 3412
307 251 391 295 592

303 377 450 398 noveram
493 370 524 397 et
567 366 631 397 vim
672 366 810 398 militum.

305 407 387 437 Eun.
409 407 449 437 ἰν.
472 405 501 444 7,
521 406 549 436 8.
592 406 641 436 Ita¹
659 408 704 436 uti
725 407 811 436 fortis

304 448 391 476 decet
412 445 527 476 milites.
559 445 640 476 Eun.
656 446 696 475 iv.
718 445 746 482 7,
761 445 809 475 45.

305 486 388 516 Cum
421 485 513 515 milite
539 506 546 514 .
563 508 570 515 .
587 508 594 515 .
623 485 811 514 inhumanis-

304 526 391 555 simo.
424 524 518 554 Haud
533 525 640 563 opinor
653 525 812 553 commode

304 565 400 595 finem
419 564 560 593 statuisse
583 564 713 592 orationi
735 563 810 592 mili-

304 607 371 634 tem.
413 603 492 632 Hec.
517 603 536 632 i.
565 602 595 639 2,
622 602 669 639 10,
696 601 745 639 21,
781 606 812 631 et

305 642 390 672 alibi.

344 680 498 719 Milesius]
515 680 574 710 Ille
590 681 641 709 ubi
656 684 701 709 est
716 679 812 709 Mile-

304 721 387 751 sius?
411 719 542 758 Adelph.
559 720 599 748 iv.
616 718 645 755 5,
662 719 709 748 68.

345 759 484 797 Miletus]
531 758 659 787 Habitat
698 757 811 787 Mileti.

305 799 451 829 Miletum
507 807 604 836 usque
663 797 813 826 obsecro?

307 837 389 868 Adel
411 838 440 866 h.
458 837 496 867 iv.
513 837 541 873 5,
556 836 605 873 20,
619 835 668 865 21.

344 878 387 906 mi
399 877 466 911 itia]
496 876 567 905 Una
593 884 711 914 semper
736 874 815 904 mili-

305 916 507 984 liqe4et4gomi
522 915 645 944 fuimus.
681 913 811 953 Adelph.

307 966 350 985 111.
387 979 395 992 ,
450 978 456 984 .

346 993 456 1033 milito]
481 993 519 1023 In
535 993 644 1022 Asiam
657 993 695 1022 ad
711 1002 812 1031 regem

306 1034 469 1063 militatum
490 1033 575 1062 abiit.
608 1032 722 1062 Heaut.
742 1033 762 1062 i.
787 1031 813 1067 l,

307 1073 357 1104 65.
410 1073 566 1111 Profugiet
598 1071 701 1110 aliquo
735 1071 815 1100 mili-

307 1115 411 1142 tatum.
455 1111 588 1150 Adelph.
603 1111 645 1140 iii.
661 1110 689 1146 3,
705 1109 755 1140 31.

347 1150 440 1190 mille]
488 1150 572 1180 Huic
601 1149 814 1179 drachmarum

306 1191 421 1229 argenti
460 1190 534 1219 haec
554 1188 652 1234 ..mille
691 1189 814 1218 dederat

306 1228 560 1308 assssffinfieffl
559 1227 610 1296 ²31⁶ss
626 1238 814 1303 3?.¹2¹‹5?¹‡¹5¹{¹”

346 1307 465 1346 millies]
486 1306 535 1336 Ex
558 1307 621 1345 ipsa
642 1305 748 1335 millies
761 1316 814 1335 au-

307 1347 378 1376 divi.
415 1346 498 1376 And.
527 1356 556 1375 v.
585 1345 614 1382 4,
642 1345 689 1375 43.
738 1344 814 1374 Plus

308 1385 416 1415 millies
429 1385 542 1414 audivi.
567 1384 647 1414 Eun.
664 1384 706 1414 iii.
723 1383 750 1420 1,
766 1383 811 1413 32.

308 1426 354 1454 At
380 1425 463 1454 enim
490 1424 590 1453 taedet
616 1424 681 1462 jam
708 1423 814 1452 audire

307 1465 415 1493 eadem
433 1463 547 1493 millies.
571 1462 696 1492 Phorm.
720 1463 763 1492 iii.
784 1461 813 1499 2,

346 1541 468 1580 miluus]
500 1541 572 1570 Non
595 1544 659 1570 rete
679 1540 814 1579 accipitri

306 1582 443 1611 tenditur
453 1590 552 1620 neque
567 1579 666 1609 miluo.
688 1579 812 1609 Phorm.

306 1621 338 1651 ii.
354 1620 374 1650 2
401 1620 446 1650 16.

347 1644 453 1698 mina}
482 1658 592 1688 Minas
618 1657 727 1696 viginti
761 1667 815 1696 pro

307 1699 454 1728 ambobus
477 1699 554 1727 dedi.
585 1697 666 1727 Eun.
682 1697 702 1727 i.
717 1696 746 1733 2,
766 1697 812 1726 89.

308 1738 371 1767 Hic
385 1742 457 1767 sunt
472 1742 532 1766 tres
547 1737 653 1766 minae.
678 1735 757 1766 Eun.
769 1736 812 1765 iii.

306 1776 406 1814 2,18.
450 1777 558 1806 Emit?
587 1776 718 1814 quanti?
760 1775 814 1804 Vi-

327 1817 384 1846 inti
412 1816 512 1845 minis.
546 1815 627 1844 Eun.
651 1825 679 1844 v.
708 1814 737 1852 5,
768 1814 812 1843 14.

306 1827 379 1884 {ibi
414 1856 537 1894 perdere
572 1853 722 1883 talentum
758 1853 815 1883 hoc

306 1900 393 1933 pacto
427 1895 521 1924 satius
555 1899 600 1923 est
632 1903 725 1931 quam
759 1892 814 1921 illo

306 1935 429 1963 minam.
473 1933 587 1962 Heaut.
622 1933 666 1961 iii.
704 1931 731 1969 l,
765 1931 813 1961 66.

306 1973 418 2002 Minas
461 1973 565 2002 uidem
592 1971 698 2000 decem
724 1971 816 2000 habet

305 2021 325 2041 a
346 2022 395 2041 me
456 2012 493 2040 ia.
526 2011 639 2040 Heaut.
664 2011 705 2039 iv.
730 2009 759 2046 7,
783 2010 811 2043 7.

306 2051 417 2080 Minas
443 2051 549 2080 decem
583 2050 726 2079 conradet
759 2048 811 2078 ali-

307 2091 415 2120 cunde.
439 2089 571 2128 Adelph.
586 2089 617 2118 ii.
633 2088 663 2124 2,
679 2088 725 2118 34.
750 2088 813 2118 De-

307 2129 352 2158 dit
375 2134 527 2167 praeterea
549 2129 581 2157 in
605 2132 744 2156 sumtum
767 2128 813 2156 di-

306 2168 436 2196 midium
452 2168 558 2196 minae.
582 2166 714 2210 Adelph.
727 2166 767 2195 iii.
785 2166 813 2203 3,

306 2204 813 2282 3⁷5³·1„.?ffl}¹.¹23‘⁶id¹e¹i;‚h¹.³2¹?y¹7‘3

308 2254 358 2314 178.
402 2283 512 2312 Minas
539 2283 675 2320 quinque
702 2282 811 2320 accipe.

307 2321 433 2351 Phorm.
451 2322 483 2351 ii.
507 2321 535 2358 3,
557 2319 604 2350 63.
647 2319 736 2350 Solae
761 2322 812 2349 tri-

326 2361 391 2390 inta
417 2361 524 2389 minae.
561 2359 688 2389 Phorm.
713 2359 759 2389 iii.
783 2359 812 2396 3,

356 2410 364 2436 ;
384 2400 426 2430 iv.
442 2399 470 2435 3,
484 2398 533 2444 57,
546 2397 595 2443 62.
708 2437 714 2443 ¹

306 2437 637 2517 053²”31‘2120ffiffifflffi
660 2436 812 2520 ‘Siin‘ssss‘ifi

306 2516 390 2584 tvlssgr
416 2516 510 2556 hujus
535 2516 641 2545 minas.
678 2514 760 2544 And.
790 2524 809 2544 1.

307 2569 336 2592 υ,
373 2578 378 2585 .

345 2594 504 2629 Minerva]
533 2593 567 2623 Si
591 2602 630 2622 ex
653 2592 750 2631 capite
772 2591 812 2621 sis

306 2643 375 2663 meo
390 2638 488 2670 natus,
503 2633 579 2662 item
594 2636 628 2661 ut
642 2632 730 2660 aiunt
743 2630 813 2660 Mi-

306 2682 431 2702 nervam
444 2682 507 2702 esse
521 2681 560 2701 ex
573 2671 661 2701 Jove.
697 2669 811 2699 Heaut.

306 2721 334 2741 v.
351 2712 381 2747 4,
398 2711 444 2741 13.

346 2750 482 2787 minime]
526 2749 659 2778 Minime
698 2746 813 2777 multos

306 2789 435 2819 laedere.
465 2788 544 2818 Eun.
562 2787 642 2817 Prol.
659 2786 687 2816 2.
730 2786 810 2816 Cum

306 2829 426 2857 minime
466 2827 590 2863 vellem,
631 2826 812 2864 minimeque

306 2877 382 2905 opus
407 2867 474 2895 fuit.
525 2866 606 2895 Eun.
634 2866 664 2894 ii.
700 2864 728 2900 3,
762 2863 810 2893 42.

306 2905 439 2935 Minime
453 2906 599 2943 gentium.
629 2903 710 2932 Eun.
726 2903 766 2932 iv.
786 2901 811 2939 1,

308 2943 354 2974 11.
396 2943 530 2973 Minime
544 2943 668 2972 mirum.
697 2941 810 2971 Heaut.

307 2984 340 3012 ii.
357 2982 385 3019 3,
399 2982 430 3012 4.
470 2982 604 3012 Minime
618 2981 721 3014 miror.
750 2980 810 3010 Ad.

306 3021 337 3053 ii.
354 3020 381 3060 l,
396 3020 444 3052 43.
486 3020 524 3050 Id
541 3030 610 3050 mea
627 3020 746 3050 minime
766 3029 812 3049 re-

1017 236 1216 296 INDEX

861 366 928 397 fert.
953 366 1084 406 Adelph.
1099 377 1128 397 v.
1145 367 1173 403 4,
1188 366 1236 399 27.
1260 365 1326 396 Abs
1338 370 1369 396 te

862 410 897 436 ut
911 416 1003 446 quam
1020 407 1144 435 minimo
1167 405 1265 444 pretio
1284 415 1371 435 suam

862 445 1053 513 ἷΞΙιιΡιαιθω
1066 445 1198 484 expleat.
1221 444 1298 475 Hec.
1309 445 1328 475 i.
1343 444 1370 482 l,

900 522 1056 561 minimus]
1101 523 1146 552 Ut
1178 527 1209 552 te
1241 522 1371 552 redimas

862 567 994 601 captum,
1019 572 1110 597 quam
1125 572 1216 601 queas
1237 562 1369 591 minima

864 601 944 630 Eun.
961 601 980 630 i.
1000 601 1026 635 l,
1043 600 1089 631 30.
1133 601 1295 637 Quomodo
1315 601 1371 630 mi-

862 641 942 669 nimo
971 639 1083 679 periclo
1110 640 1142 669 id
1170 641 1276 669 demus
1300 641 1370 669 ado-

863 678 1041 709 lescentulo.
1070 679 1184 709 Heaut.
1204 679 1249 708 iii.
1274 678 1301 716 l,
1322 679 1368 708 68.

865 718 967 754 Quam
994 719 1121 748 minima
1154 719 1186 747 in
1217 728 1268 757 spe
1295 718 1371 747 situs

864 759 931 787 erit.
955 756 1070 787 Heaut.
1086 767 1114 787 v.
1130 757 1159 794 2,
1175 758 1222 786 44.

904 797 1037 832 miniter]
1068 797 1238 826 Abiturum
1263 806 1294 826 se
1318 796 1371 826 abs

864 840 895 865 te
945 845 1009 865 esse
1057 835 1129 866 ilico
1175 835 1369 865 minitabitur.

866 874 979 905 Heaut.
1007 875 1051 905 iii.
1081 875 1108 912 l,
1134 874 1181 904 80.
1225 874 1262 903 Iu
1289 875 1371 904 diem

863 914 941 943 istuc
969 919 1015 943 est
1046 914 1170 944 fortasse
1205 914 1286 952 quod
1316 914 1371 943 mi-

864 963 948 983 nare.
980 953 1061 983 Eun.
1082 964 1109 984 v.
1137 953 1165 990 6,
1192 952 1237 983 19.
1280 953 1372 990 Quod

864 1002 946 1021 nunc
958 993 1098 1022 minitare
1110 993 1213 1022 facere.
1238 992 1314 1022 Hec.
1326 992 1370 1022 iii.

866 1032 894 1068 4,
906 1031 950 1061 13.
975 1031 1062 1068 Quae
1073 1032 1231 1061 minitatur
1244 1030 1370 1061 malum.

866 1070 991 1100 Phorm.
1019 1081 1048 1101 v.
1077 1071 1106 1106 6,
1136 1070 1181 1100 ll.
1228 1071 1372 1110 Denique

864 1110 1049 1140 minitamnr.
1073 1110 1150 1140 Hec.
1167 1111 1207 1140 iv.
1223 1110 1251 1146 4,
1266 1109 1314 1140 96.

905 1150 1012 1185 minor,
1027 1149 1150 1188 adject]
1182 1149 1301 1178 Filium
1316 1149 1371 1177 mi-

863 1198 974 1218 norem.
998 1188 1080 1218 Eun.
1097 1189 1128 1218 ii.
1144 1188 1174 1225 2,
1191 1188 1239 1218 58.
1275 1188 1370 1224 Quasi

864 1228 931 1256 istie
960 1227 1058 1256 minor
1088 1237 1155 1256 mea
1186 1237 1234 1256 res
1266 1231 1372 1265 agatur

884 1276 956 1295 uam
978 1270 1040 1296 tua.
1073 1266 1188 1295 Heaut.
1203 1266 1232 1295 ii.
1253 1265 1283 1301 3,
1305 1265 1368 1299 113.

863 1276 975 1373 {linior
988 1310 1033 1335 est
1043 1306 1161 1335 erratio.
1185 1304 1317 1343 Adelph.
1331 1305 1369 1334 iv.

886 1368 893 1381 ,
908 1345 926 1373 4
949 1368 957 1375 .

905 1384 1012 1419 minor,
1026 1382 1171 1422 verbum]
1190 1395 1193 1398 ·
1209 1383 1301 1412 Nunc
1316 1383 1371 1412 mi-

864 1426 955 1452 natur
988 1433 1055 1452 orro
1069 1432 1133 1452 sese
1147 1422 1178 1451 id
1193 1423 1274 1461 quod
1289 1432 1371 1451 moe—

864 1461 930 1491 chis
941 1472 973 1491 so
987 1466 1027 1491 et.
1058 1461 1138 1491 Eun.
1150 1471 1178 1490 v.
1191 1462 1220 1496 4,
1231 1460 1278 1491 35.
1295 1461 1372 1490 Abi-

865 1505 968 1530 turum
984 1501 1036 1530 abs
1054 1505 1084 1530 te
1106 1510 1170 1530 esse
1188 1500 1260 1530 ilico
1274 1501 1370 1530 mina-

864 1539 950 1569 bitur.
974 1539 1089 1569 Heaut.
1105 1539 1151 1569 iii.
1168 1538 1195 1575 1,
1211 1539 1257 1569 80.

904 1578 1021 1618 minuo]
1047 1579 1111 1608 Nec
1126 1584 1159 1608 tu
1170 1589 1205 1608 ea
1215 1588 1304 1608 causa
1315 1579 1369 1607 mi-

864 1617 1054 1686 nuegislhaec
1095 1628 1150 1647 uae
1171 1618 1254 1647 facis.
1288 1618 1370 1647 And.

865 1658 896 1686 ii.
940 1681 947 1694 ,
987 1657 1013 1686 8.

865 1697 946 1726 boris
967 1697 1121 1725 minuatur
1139 1696 1224 1725 mihi.

866 1735 948 1765 Prol.
961 1735 1008 1765 42.
1032 1735 1062 1764 N
1064 1746 1103 1764 on
1118 1736 1253 1764 minuam
1266 1745 1371 1764 meum

864 1774 1036 1804 consilium.
1089 1774 1166 1804 Hec.
1195 1775 1235 1803 iv.
1265 1774 1293 1811 3,
1324 1773 1369 1804 10.

865 1814 974 1843 Minue
987 1823 1059 1843 vero
1078 1813 1163 1842 iram.
1196 1813 1321 1843 Phorm.
1338 1814 1368 1843 ii.

865 1852 892 1890 3,
908 1852 957 1883 88.
1000 1853 1136 1882 Haecine
1159 1858 1222 1881 erat
1242 1862 1278 1881 ea
1293 1862 1370 1891 quae

863 1898 982 1921 nostros
1001 1892 1119 1921 fmctus
1140 1891 1288 1920 minuebat
1302 1891 1370 1920 vili-

863 1935 908 1960 tas
919 1932 934 1960 Ρ
961 1930 1085 1960 Phorm.
1102 1941 1130 1960 v.
1146 1930 1175 1967 8,
1190 1929 1237 1960 24.

903 1970 1001 1999 minus
1054 1970 1123 2006 Quo
1158 1970 1233 1999 fiant
1259 1969 1369 1999 minus.

865 2009 946 2038 And.
963 2010 982 2038 i.
998 2015 1005 2022 ·
1019 2032 1027 2045 ,
1041 2008 1090 2039 26.
1133 2008 1203 2045 Quo
1217 2014 1251 2038 tu
1273 2009 1370 2038 minus

862 2049 918 2077 scis
932 2058 1092 2077 aerumnas
1107 2058 1201 2077 meas.
1228 2047 1310 2077 And.
1328 2048 1366 2077 iv.

865 2086 891 2122 1,
906 2086 954 2117 31.
997 2087 1066 2116 Hoc
1081 2097 1171 2116 nemo
1192 2087 1250 2116 fuit
1273 2087 1370 2116 minus

862 2127 992 2165 ineptus.
1016 2126 1094 2155 Eun.
1112 2126 1143 2156 ii.
1163 2125 1188 2162 l,
1203 2125 1250 2154 21.
1279 2125 1368 2154 Nihil

862 2166 967 2194 minus.
990 2165 1069 2194 Eun.
1086 2165 1130 2194 iii.
1149 2164 1175 2201 1,
1190 2165 1240 2194 45.
1259 2164 1369 2194 Minus

862 2209 968 2242 potens
983 2214 1073 2242 quam
1090 2208 1134 2239 tu,
1150 2204 1246 2231 minus
1266 2209 1367 2239 notus,

862 2243 959 2271 minus
981 2244 1149 2271 amicorum
1171 2241 1222 2269 hic
1243 2241 1364 2270 habens.

863 2280 943 2309 Eun.
960 2281 1000 2310 iv.
1023 2280 1051 2316 6,
1073 2279 1120 2310 22.
1164 2279 1226 2315 Qui
1249 2280 1366 2309 minus?

862 2318 943 2348 Eun.
959 2329 987 2348 v.
1010 2318 1038 2355 7,
1054 2318 1081 2348 3.
1125 2319 1247 2355 Quanto
1271 2319 1368 2348 minus

861 2368 874 2386 s
895 2358 923 2386 ei
955 2361 1010 2394 est,
1043 2362 1128 2386 tanto
1158 2357 1253 2395 magis
1287 2367 1365 2387 amo.

891 2406 943 2426 un.
974 2406 1000 2426 v.
1030 2395 1058 2432 8,
1086 2395 1135 2426 23.
1191 2396 1273 2425 Mihi
1301 2396 1367 2435 jam

861 2436 958 2464 minus
983 2435 1140 2474 minusque
1170 2435 1365 2473 obtemperat.

862 2474 978 2504 Heaut.
990 2474 1036 2503 iii.
1053 2473 1080 2510 3,
1096 2473 1142 2503 33.
1186 2473 1293 2503 Nihilo
1313 2475 1366 2503 mi-

860 2522 914 2542 nus
945 2523 1000 2552 ego
1029 2513 1085 2541 hoc
1114 2512 1226 2541 faciam
1253 2518 1365 2543 tamen.

861 2551 974 2580 Heaut.
991 2562 1018 2580 v.
1036 2550 1065 2587 3,
1083 2550 1129 2581 10.

898 2591 1038 2624 minutus]
1060 2589 1153 2619 Olera
1166 2594 1197 2619 et
1210 2590 1369 2629 pisciculos

861 2629 999 2659 minutos.
1021 2629 1105 2659 And.
1120 2630 1150 2657 ii.
1165 2628 1194 2664 2,
1210 2628 1257 2658 32.

899 2667 1058 2702 mirabilis]
1094 2667 1156 2696 Vos
1178 2678 1242 2697 esse
1266 2669 1367 2697 istius-

861 2707 954 2743 modi,
974 2710 1006 2736 et
1030 2716 1085 2735 nos
1105 2716 1168 2735 non
1190 2717 1264 2744 esse,
1287 2707 1369 2736 haud

861 2745 997 2775 mirabile
1012 2750 1066 2774 est.
1090 2745 1204 2775 Heaut.
1221 2746 1252 2775 ii.
1268 2747 1296 2782 4,
1313 2746 1340 2777 7.

901 2783 1069 2822 mirandus]
1118 2783 1270 2813 Mirando
1312 2785 1368 2814 hoc

862 2827 946 2853 tanto
980 2827 1043 2852 tam
1084 2824 1242 2861 repentino
1279 2824 1366 2853 bono.

865 2863 943 2891 And.
961 2872 987 2891 v.
1007 2862 1037 2897 4,
1052 2861 1098 2890 35.
1141 2862 1368 2891 Mirandumne

861 2902 893 2930 id
908 2902 978 2930 est?
1000 2900 1077 2929 Hec.
1094 2901 1133 2930 iv.
1150 2901 1178 2937 4,
1194 2900 1270 2930 39.-

900 2940 991 2978 mire]
1024 2938 1112 2967 Mire
1140 2939 1229 2968 finxit
1256 2939 1367 2970 filium.

863 2978 976 3009 Heaut.
991 2988 1021 3008 v.
1038 2977 1065 3013 l,
1079 2977 1127 3007 25.

901 3015 1056 3056 mirificus]
1097 3015 1231 3046 Facinus
1265 3017 1369 3047 audivi

1090 1662 1101 1686 t
1122 1656 1223 1695 aliqua
1241 1666 1307 1724 pixis
1328 1656 1371 1724 la,-

1293 1706 1347 1725 eau
1364 1719 1370 1725 .

1418 389 1444 435 b.
1459 365 1730 435 2⁹,31iritiez'ssimum.
1751 365 1877 398 Phorm.
1893 377 1924 398 v.

1416 428 1927 514 abinrgtordnldfiiabgrsswbnliirsdfi

1418 523 1498 552 unde
1510 523 1558 552 sit.
1584 523 1668 552 And.
1683 523 1724 552 iv.
1739 524 1768 559 4,
1785 521 1812 553 1.
1863 523 1926 553 Ne

1437 572 1494 591 ueo
1509 563 1581 591 satis
1595 562 1715 592 mirari.
1738 561 1820 592 Eun.
1834 562 1880 593 iii.
1894 563 1926 600 4,

1440 623 1447 631 .
1483 601 1579 640 quue
1594 601 1668 630 adeo
1683 601 1786 631 miror.
1809 601 1925 631 Heaut.

1418 650 1444 670 v.
1462 639 1490 677 3,
1504 640 1532 670 2.
1557 640 1690 670 Minime
1705 640 1808 670 miror.
1832 640 1923 670 Adel.

1418 680 1450 709 ii.
1468 678 1494 716 1,
1510 679 1557 710 43.
1600 679 1700 709 Credo
1719 684 1749 709 te
1762 689 1824 709 non
1844 678 1926 709 nihil

1417 719 1537 748 mirari.
1568 718 1646 748 Hec.
1660 728 1690 747 v.
1708 718 1735 754 l,
1749 718 1777 748 6.
1813 718 1923 748 Miror

1437 758 1491 826 {id
1519 757 1575 787 hoc
1599 758 1665 788 siet.
1702 757 1826 787 Phorm.
1842 767 1872 788 v.
1893 756 1924 795 3,

1456 834 1569 875 mirus]
1601 835 1701 865 Miris
1712 836 1812 866 modis
1825 835 1925 866 odisse

1417 875 1515 914 coepit
1523 874 1698 905 Sostratam.
1707 874 1782 905 Hec.
1789 875 1810 905 i.
1821 873 1926 913 2104.

1417 914 1543 944 Mirum
1556 915 1587 943 ni
1603 915 1687 944 domi
1735 918 1756 944 t.
1780 914 1862 944 And.
1876 914 1922 944 iii.

1417 954 1448 990 4,
1473 953 1518 983 19.
1562 954 1647 990 Quid
1674 954 1683 983 i
1737 963 1752 983 c
1777 959 1840 983 mm
1866 954 1925 982 ma·-

1418 992 1508 1022 rum?
1530 992 1611 1022 And.
1627 993 1667 1023 iv.
1691 991 1719 1029 l,
1739 991 1790 1024 27.
1830 992 1925 1022 Mira

1419 1041 1489 1061 vero
1529 1031 1623 1061 militi
1660 1041 1738 1070 quae
1775 1030 1923 1071 placeant.

1420 1070 1499 1100 Eun.
1515 1071 1546 1100 ii.
1568 1070 1597 1107 2,
1618 1069 1666 1102 57.
1707 1070 1832 1100 Mirum
1851 1080 1924 1100 vero

1418 1110 1596 1149 impudente
1611 1109 1724 1139 mulier
1737 1110 1762 1139 si
1772 1110 1845 1139 facit
1858 1119 1924 1139 me-

1418 1149 1524 1178 retrix.
1550 1149 1631 1178 And.
1647 1150 1687 1178 iv.
1709 1149 1739 1185 4,
1764 1147 1808 1178 16.
1851 1148 1923 1178 Non

1417 1188 1527 1217 mirum
1541 1188 1613 1217 fecit
1627 1197 1714 1217 uxor.
1744 1187 1820 1217 Hec.
1837 1187 1877 1217 ἰν.
1894 1188 1924 1224 4,

1417 1226 1464 1261 87.
1510 1227 1593 1256 Num
1608 1228 1718 1256 mirum
1738 1231 1791 1256 aut
1806 1236 1924 1256 novum

1417 1271 1463 1296 est
1477 1267 1634 1296 revocari?
1655 1265 1781 1295 Phorm.
1797 1275 1828 1295 v.
1844 1265 1873 1303 6,
1887 1264 1915 1295 8.

1457 1304 1578 1344 misceo]
1617 1305 1666 1334 Ita
1693 1310 1727 1335 tu
1753 1306 1845 1334 istaec
1869 1309 1924 1335 tua

1417 1345 1533 1373 misceto
1573 1354 1612 1374 ne
1652 1354 1703 1374 me
1747 1343 1922 1374 admisceas,

1419 1383 1532 1413 Heaut.
1550 1383 1588 1413 iv.
1605 1382 1633 1418 5,
1650 1382 1695 1413 35.

1419 1421 1562 1491 Axi'iisiC]
1574 1422 1670 1491 ιΗὲἓ
1696 1422 1924 1491 &mmmm

1418 1484 1504 1531 mihi'.
1533 1484 1616 1530 Ami.
1641 1501 1681 1531 iv.
1704 1501 1734 1536 4,
1759 1501 1787 1530 4.
1829 1500 1923 1538 Perii,

1440 1540 1491 1568 uid
1512 1549 1566 1579 ego
1589 1540 1636 1578 egi
1658 1539 1768 1569 miser?
1794 1539 1873 1569 Eun.
1889 1540 1922 1570 ii.

1418 1550 1446 1615 ἓ,
1460 1578 1507 1608 86.
1551 1578 1687 1617 Apparet
1705 1588 1827 1608 servum
1841 1578 1924 1608 hunc

1418 1627 1481 1647 esse
1505 1618 1622 1647 domini
1650 1618 1788 1656 pauperis
1809 1617 1926 1647 miseri-

1418 1667 1486 1695 que.
1519 1657 1600 1686 Eun.
1616 1657 1658 1685 iii.
1674 1655 1703 1693 2,
1719 1656 1766 1686 34.
1807 1656 1925 1686 Miser-

1417 1697 1513 1725 rimus
1533 1696 1577 1725 fui
1595 1696 1762 1734 fugitando.
1796 1695 1876 1725 Eun.
1891 1705 1922 1726 v.

1417 1735 1446 1771 2,
1462 1736 1489 1768 7.
1533 1735 1615 1772 Quid
1639 1744 1710 1765 sene
1735 1735 1794 1764 erit
1818 1738 1923 1765 nostro

1418 1774 1576 1804 miserius?
1611 1773 1723 1804 Heaut.
1752 1774 1785 1803 ii.
1814 1773 1844 1810 3,
1874 1773 1921 1804 14.

1418 1813 1521 1843 Habet
1545 1817 1661 1852 patrem
1682 1813 1836 1852 quendam
1858 1813 1923 1842 avi-

1417 1853 1502 1887 dum,
1516 1853 1668 1888 miserum,
1682 1858 1773 1891 atque
1793 1853 1920 1883 aridum.

1417 1891 1532 1922 Heaut.
1558 1892 1602 1921 iii.
1631 1891 1661 1928 2,
1689 1890 1735 1921 15.
1791 1890 1923 1921 Nullam

1415 1931 1504 1959 credo
1527 1930 1689 1960 mulierem
1713 1940 1762 1960 me
1790 1930 1922 1960 miseriei-

1415 1979 1478 1999 rem
1501 1970 1613 1999 vivere.
1651 1969 1728 2000 Hec.
1754 1969 1793 1999 iv.
1819 1967 1847 2006 1,
1872 1968 1920 2000 31.

1414 2008 1506 2076 {Eheu
1518 2019 1569 2039 me
1583 2009 1731 2038 miserum.
1757 2007 1882 2038 Phorm.
1898 2009 1920 2038 i.

1454 2087 1575 2125 misere]
1592 2086 1722 2123 Scimus,
1736 2086 1815 2116 hanc
1848 2095 1922 2116 uam

1414 2126 1518 2155 misere
1532 2125 1649 2155 amarit.
1674 2125 1756 2155 And.
1767 2125 1810 2155 iii.
1846 2148 1855 2161 ,
1870 2125 1918 2155 40.

1415 2164 1467 2193 Illi
1484 2165 1621 2194 invidere
1635 2164 1747 2193 misere.
1778 2163 1860 2193 Eun.
1874 2164 1922 2195 iii.

1415 2202 1442 2238 1,
1466 2202 1514 2232 22.
1556 2203 1672 2232 Misere
1699 2203 1794 2232 nimis
1820 2203 1918 2241 cupio.

1415 2241 1493 2270 Adel
1516 2241 1547 2271 h.
1565 2241 1605 2271 iv.
1624 2241 1651 2278 1,
1671 2241 1698 2271 6.
1730 2242 1813 2272 And.
1829 2242 1873 2271 iii.
1891 2240 1920 2279 1,

1412 2279 1460 2309 22.
1537 2284 1615 2310 eaut.
1641 2280 1660 2309 i.
1684 2280 1714 2318 2,
1739 2280 1793 2317 163
1829 2281 1862 2311 ii.
1888 2280 1918 2318 3,

1415 2318 1487 2355 1243
1510 2320 1549 2349 iv.
1578 2319 1606 2357 1,
1629 2318 1675 2349 36.
1712 2319 1846 2359 Adelph.
1874 2320 1917 2350 iv.

1413 2357 1441 2395 5,
1458 2357 1505 2395 33,
1520 2357 1570 2387 64.

1452 2396 1620 2436 miseresce]
1657 2397 1714 2427 Ino
1735 2397 1760 2427 is
1782 2406 1866 2427 nuno
1888 2400 1920 2427 to

1413 2437 1581 2504 :miserescat
1600 2437 1669 2467 mei.
1735 2441 1815 2466 aaut.
1834 2445 1863 2467 v.
1887 2436 1918 2474 4,

1453 2513 1584 2553 miseret]
1613 2514 1724 2544 Nonne
1747 2518 1778 2544 te
1800 2514 1919 2544 minoret

1413 2553 1498 2582 mei?
1520 2553 1602 2583 And.
1617 2562 1646 2583 v,
1661 2552 1691 2590 2,
1704 2552 1752 2583 28.
1784 2553 1838 2583 Me
1851 2557 1918 2583 tua-

1413 2602 1483 2621 rum
1510 2592 1673 2622 miseritum
1705 2596 1751 2621 est
1783 2592 1919 2621 fortuna-

1413 2641 1492 2660 rum.
1516 2630 1628 2660 Heaut.
1644 2631 1689 2661 iii.
1715 2629 1741 2666 l,
1759 2629 1807 2660 54.
1850 2631 1919 2660 Me-

1413 2669 1535 2698 nedemi
1569 2671 1670 2698 vicem
1705 2669 1823 2699 miseret
1857 2679 1918 2700 me.

1415 2708 1529 2738 Heaut.
1545 2709 1584 2738 iv.
1601 2708 1630 2745 5,
1648 2707 1672 2738 l.

1425 2781 1434 2788 ·
1454 2746 1588 2785 miseria]
1622 2746 1718 2782 Quasi
1747 2746 1802 2776 ubi
1829 2746 1919 2776 illam

1414 2791 1573 2824 exspueret
1587 2785 1738 2814 miseriam
1752 2795 1791 2815 ex
1804 2786 1918 2815 animo.

1416 2825 1495 2853 Eun.
1519 2825 1562 2853 iii.
1587 2823 1613 2859 1,
1638 2823 1682 2853 16.
1725 2823 1817 2853 Illam
1841 2825 1921 2854 mihi

1413 2862 1546 2892 lenirent
1569 2862 1730 2893 maer-iam.
1761 2863 1875 2893 Heaut.
1899 2864 1920 2893 i.

1417 2901 1443 2938 l,
1459 2901 1505 2932 75.
1542 2901 1669 2940 Ingenio
1683 2902 1801 2939 egregio
1814 2902 1853 2931 ad
1867 2902 1922 2931 mi-

1414 2941 1509 2969 serias
1530 2945 1621 2969 natus
1643 2950 1720 2970 sum.
1747 2940 1863 2970 Heaut.
1876 2940 1921 2970 iii.

1417 2978 1444 3015 1,
1461 2978 1506 3008 11.
1547 2978 1638 3008 Solus
1652 2988 1791 3008 mearum
1805 2983 1852 3009 est
1865 2980 1922 3008 mi-

1413 3018 1562 3048 seriarum
1576 3017 1756 3049 remedium.
1786 3017 1920 3057 Adelph.
