2020 3412
233 253 317 296 158

867 251 1213 297 EUNUOHUS.

345 367 563 419 Precibus,
598 366 752 424 pretio,
779 371 830 410 ut
862 367 1064 410 haeream
1094 366 1142 409 in
1172 370 1296 423 parte
1335 365 1481 423 aliqua
1518 367 1696 411 tandem
1733 367 1850 424 apud

403 433 626 476 Thaidem.

1801 443 1846 475 25

349 499 429 541 Gn.
448 498 635 541 Difficile
650 502 725 540 est.
763 498 836 539 Th.
856 497 1020 554 Siquid
1040 497 1260 548 conlibuit,
1274 496 1432 540 novite
1449 512 1459 539 ε
1490 497 1572 540 1100
1591 496 1629 540 si
1647 496 1847 548 effeceris,

345 564 538 612 Quodvis
558 565 718 606 donum
738 568 781 606 et
800 564 1041 619 praemium
1060 578 1086 605 a
1104 578 1173 605 me
1194 566 1353 619 optato,
1373 562 1420 604 id
1440 567 1636 619 optatum
1655 562 1776 605 feres.

348 630 428 673 G‘n.
461 630 587 672 Itane
604 630 624 672 P
687 629 763 671 Th.
794 629 866 671 Sic
885 629 979 671 erit.
1036 628 1116 671 Gn.
1138 627 1186 671 Si
1206 628 1342 671 efficio
1366 628 1461 680 hoc,
1482 627 1650 685 postulo
1668 632 1720 671 ut
1737 627 1849 671 mihi

401 700 476 737 tua
499 695 649 737 domus

342 760 403 803 Te
422 764 645 816 praesente
666 760 840 802 absente
859 763 1006 816 pateat
1023 773 1034 810 ;

597 824 671 866 Th.
694 824 762 867 Do
782 825 913 867 fidem
932 824 1139 866 futurum.
1205 823 1285 866 Gn.
1307 823 1540 880 Accingar.
1598 822 1682 866 Ph.
1707 822 1862 879 Quem⁶

342 825 530 881 Semper.

401 891 473 933 1110
494 906 575 947 ego
596 890 723 933 audio
737 891 758 933 Ρ

343 956 380 998 O
408 956 595 999 Thraso!
653 957 728 998 Th.
751 956 933 999 Salvete.

341 1022 503 1065 Nescis.
570 1021 644 1064 Th..
677 1021 786 1064 Scio.

402 1087 603 1143 gionibus
619 1087 640 1129 P

1064 758 1263 801 invocato
1282 762 1333 800 ut
1352 757 1409 801 sit
1428 758 1547 801 loeus

1799 899 1847 930 30

992 955 1075 997 Ph.
1098 955 1165 997 Tu
1185 954 1362 997 fortasse
1381 969 1490 1011 quae
1510 954 1625 997 facta
1643 953 1715 996 hic
1735 953 1847 996 sient

847 1022 930 1064 Ph.
963 1020 1052 1064 Cur
1070 1026 1113 1064 te
1134 1036 1237 1077 ergo
1265 1021 1314 1062 in
1336 1021 1405 1063 his
1434 1035 1515 1076 ego
1541 1019 1760 1076 conspicor
1778 1034 1844 1062 re-

346 1152 421 1194 Th.
455 1152 589 1194 Vobis
609 1151 756 1194 fretus.
817 1151 901 1193 Ph.
934 1150 1037 1194 Scin
1057 1166 1188 1207 quam
1207 1149 1343 1192 fretus
1359 1149 1380 1192 P
1438 1149 1580 1200 Miles,
1603 1148 1723 1191 edico
1747 1148 1843 1201 tibi,

340 1217 389 1259 Si
407 1222 450 1259 te
470 1217 518 1258 in
536 1217 680 1272 platea
699 1217 916 1259 offendero
935 1217 1018 1259 hac
1035 1221 1134 1272 post
1152 1231 1356 1271 unquam,
1378 1215 1493 1271 quod
1512 1214 1628 1256 dicas
1647 1214 1770 1265 mihi,

343 1287 369 1305 “
381 1282 533 1325 Alium
553 1284 822 1339 quaerebam,
844 1282 928 1325 iter
952 1283 1035 1325 hac
1054 1282 1231 1332 habui‚'’
1248 1280 1427 1336 periisti.

400 1348 460 1390 sic
481 1348 614 1390 decet.

339 1412 422 1454 Ph.
455 1413 634 1455 Dictum
654 1418 730 1455 est.

397 1478 481 1520 Ph.
514 1477 584 1520 Sic
605 1479 699 1521 erit.

1477 1280 1556 1323 Gn.
1579 1275 1706 1331 Heia,
1726 1279 1846 1322 haud

1798 1356 1844 1387 35

797 1413 876 1456 Gn.
909 1412 1011 1455 Non
1031 1426 1239 1468 cognosco
1258 1415 1451 1454 vestrm
1476 1414 1569 1453 tam
1598 1410 1842 1467 superbum.

344 1542 424 1585 Gn.
457 1543 585 1586 Prius
605 1543 750 1585 audite
769 1542 916 1599 paucis
934 1558 944 1594 ;
976 1543 1091 1599 quod
1110 1557 1245 1598 quum
1264 1541 1425 1593 dixero,
1448 1540 1485 1584 si
1503 1541 1725 1598 placuerit,

224 1698 342 1730 “Nam
358 1708 417 1738 ego
435 1697 542 1729 audivi
556 1697 590 1728 111
605 1706 747 1728 amorem
770 1697 902 1729 haerere
923 1697 1010 1738 apud

311 1742 418 1772 nescio
434 1751 531 1782 quam
546 1739 744 1772 fidicinam.''

224 1816 289 1848 For
302 1817 359 1848 the
373 1817 490 1857 phrase
506 1819 514 1835 ⁴
527 1816 686 1858 precibus,
709 1815 836 1858 pretio,’
859 1826 913 1848 see
934 1819 1012 1848 note

224 1869 268 1891 on
283 1860 316 1891 ii.
332 1862 361 1891 3
378 1862 432 1896 27.

268 1905 322 1935 29.
345 1904 499 1934 luvocata
512 1906 550 1934 ut
564 1904 608 1934 sit
624 1904 713 1934 locus
730 1903 884 1944 Semper]
911 1903 1014 1934 ‘That

224 1945 243 1979 I
258 1955 332 1987 may
347 1946 463 1986 always
478 1946 558 1977 have
572 1956 593 1976 a
605 1945 694 1976 knife
709 1946 774 1976 and
796 1946 870 1976 fork
884 1948 918 1976 at
933 1956 1015 1986 your

223 1989 312 2019 table
337 1989 481 2020 whether
506 1989 629 2019 invited
658 1999 696 2020 or
724 1988 806 2019 not.²
855 1989 1013 2020 Parasites

223 2031 303 2063 used
329 2031 418 2062 osten
442 2042 484 2062 no
511 2031 613 2062 doubt
638 2034 673 2062 to
701 2031 795 2061 make
819 2031 910 2061 these
937 2031 1010 2062 bar-

223 2074 326 2114 gains,
357 2084 391 2105 as
418 2074 594 2114 Ergasilus,
621 2074 677 2104 the
706 2075 816 2114 prince
841 2074 879 2104 of
904 2074 1010 2105 diuers

223 2119 292 2154 out,
309 2116 385 2147 does
399 2117 434 2147 in
448 2117 505 2148 the
521 2120 529 2134 ‘
541 2117 689 2157 Captiv'es
700 2115 710 2130 '
725 2116 762 2147 of
775 2116 917 2147 Plautus.
951 2117 1011 2148 See

223 2159 281 2190 the
295 2159 398 2190 whole
413 2159 450 2190 of
462 2159 524 2190 Act
537 2160 580 2191 iv.
604 2159 668 2190 aud
692 2159 759 2190 also
782 2159 845 2190 Act
870 2160 891 2190 i.
917 2169 1011 2190 scene

222 2202 258 2239 1.,
273 2202 380 2233 where
395 2202 559 2242 Ergasilus
574 2202 718 2242 explains
732 2202 804 2233 how
820 2201 861 2232 he
875 2202 933 2233 has
955 2205 1011 2243 got

223 2245 281 2276 the
316 2255 410 2275 name
435 2245 472 2276 of
507 2248 514 2262 ¹
527 2245 727 2285 Lady-love‚’
754 2244 890 2276 because
917 2245 959 2276 he
982 2245 1010 2277 is

224 2288 343 2329 always
358 2288 544 2319 ‘invocatus
557 2287 566 2303 ’
581 2291 616 2318 at
630 2287 790 2328 banquets
804 2300 812 2318 ε

238 2359 260 2376 “
269 2357 431 2389 ,Iuventus
445 2366 565 2387 nomen
578 2356 694 2387 indidit
708 2358 814 2386 scorto
829 2355 909 2386 mihi

267 2400 318 2431 Eo
333 2400 388 2440 qui
403 2400 568 2430 invocatus
584 2399 670 2430 soleo
687 2409 756 2429 esse
769 2399 804 2429 in
820 2399 974 2430 convivio.

268 2443 342 2474 Scio
357 2442 495 2474 absurde
509 2442 630 2473 dictum
645 2442 707 2472 hoc
721 2441 877 2472 derisores
892 2442 1008 2479 dicere,

268 2485 316 2518 At
329 2495 389 2526 ego
403 2486 456 2517 aio
468 2488 565 2516 recte.
611 2485 696 2515 Nam
711 2484 746 2514 in
761 2484 906 2515 convivio
921 2485 981 2515 sibi

266 2526 413 2567 Amator,
428 2529 512 2560 talos
533 2538 634 2569 quum
653 2528 742 2567 jacit,
758 2531 900 2558 scortum
915 2528 1007 2558 invo-

267 2614 371 2646 Estue
398 2615 583 2647 invocatum
611 2613 743 2644 annon?
797 2612 858 2643 Est
886 2611 1006 2652 planis-

311 2667 403 2689 sune.

266 2700 390 2732 Verum
405 2700 512 2732 hercle
526 2709 602 2731 vero
616 2709 676 2730 nos
691 2698 822 2739 parasiti
837 2697 976 2738 planius,

269 2743 360 2778 Quos
396 2753 564 2784 nunquam
589 2743 758 2784 quisquam
784 2750 890 2782 neque
915 2743 1008 2772 vocat

309 2796 417 2827 neque
430 2787 568 2823 invocat,

269 2829 370 2864 Quasi
399 2839 506 2860 mures
544 2838 671 2870 semper
707 2827 830 2858 edimus
865 2826 1007 2857 alienum

312 2871 456 2903 cibum.”

524 2915 667 2953 Plautus,
684 2913 832 2955 Captivi‘
823 2923 845 2944 ι.
864 2913 895 2943 1
912 2912 1007 2944 1-9.

266 2982 319 3013 34.
340 2982 528 3024 Offendero]
576 2983 636 3014 See
650 2985 727 3015 note
741 2992 785 3014 011
799 2982 844 3015 iv.
858 2983 890 3014 4.
905 2984 938 3014 5.

1103 1698 1197 1735 Quod
1210 1697 1301 1728 dicas
1322 1698 1414 1734 mihi,
1431 1696 1505 1738 Esca]
1555 1699 1575 1716 ‘⁴
1589 1691 1756 1739 Although
1777 1707 1844 1739 you

1055 1752 1111 1782 say
1131 1745 1166 1772 to
1189 1751 1259 1772 me:
1285 1743 1293 1758 ⁶
1307 1740 1324 1771 I
1340 1750 1403 1771 was
1428 1740 1558 1781 looking
1580 1740 1800 1779 forastica&
1823 1741 1842 1772 1

1055 1795 1119 1816 was
1133 1784 1263 1825 passing
1286 1783 1350 1814 this
1365 1783 1458 1824 way‚’
1479 1794 1546 1825 you
1567 1794 1622 1815 are
1647 1784 1731 1816 (10110
1754 1783 1840 1816 for.”

1056 1828 1120 1859 For
1149 1827 1214 1859 this
1243 1837 1336 1857 sense
1365 1826 1401 1857 of
1428 1826 1560 1868 ‘quod,’
1587 1837 1623 1858 as
1650 1827 1680 1858 if
1703 1827 1732 1858 it
1758 1837 1842 1859 were

1058 1874 1066 1890 ‘
1084 1869 1254 1912 quamvis,’
1273 1879 1421 1910 compare
1435 1870 1576 1911 Adelphi
1589 1870 1624 1902 ii.
1643 1871 1672 1902 1.
1688 1871 1729 1902 8:

1069 1931 1152 1962 “Tu
1172 1930 1258 1971 quod
1272 1932 1305 1960 te
1320 1930 1478 1970 posterius
1500 1939 1629 1971 purges,
1651 1930 1735 1962 hane
1754 1930 1840 1972 inju-

1145 1974 1225 2004 riam
1241 1973 1320 2003 mihi
1336 1973 1421 2003 nolle

1102 2016 1232 2047 Factam
1248 2025 1328 2052 esse,
1344 2015 1440 2055 hujus
1455 2025 1521 2046 non
1535 2015 1688 2052 fudam?

1056 2067 1198 2102 Plautus,
1215 2066 1312 2098 Miles
1329 2067 1494 2099 Gloriosus
1508 2067 1541 2098 ii.
1558 2069 1589 2098 2.
1606 2068 1645 2105 7:

1067 2121 1087 2136 “
1100 2118 1201 2167 Quod·
1209 2118 1263 2148 ille
1277 2118 1429 2158 gallinam
1444 2120 1501 2149 aut
1522 2118 1704 2150 columbam
1718 2129 1754 2150 50
1768 2129 1837 2152 500-

1142 2164 1203 2191 tari
1218 2164 1274 2191 aut
1289 2162 1413 2192 simiam

1098 2204 1204 2241 Dicat,
1235 2203 1410 2244 disperistis
1435 2204 1470 2235 ni
1499 2213 1602 2245 usque
1630 2204 1672 2236 ad
1701 2207 1839 2237 mortem

1140 2247 1224 2277 male
1238 2247 1429 2278 mulcassitis
1439 2246 1472 2285 ;’'

1054 2306 1119 2337 and
1135 2306 1319 2347 Propertius
1334 2307 1377 2338 iv.
1394 2305 1468 2348 (iii.)
1489 2308 1517 2338 1.
1533 2307 1595 2339 49:

1066 2359 1086 2375 “
1099 2357 1196 2392 Quod
1211 2367 1276 2388 non
1290 2358 1454 2408 Taenariis
1469 2358 1584 2389 domus
1598 2360 1648 2389 est
1662 2358 1742 2390 miln‘
1755 2358 1839 2391 fulta

1140 2411 1222 2474 Νέἕ
1223 2401 1355 2475 10111ἶῖῗὲ
1376 2446 1503 2475 auratas
1524 2444 1609 2475 inter
1629 2443 1753 2476 eburna
1770 2446 1837 2477 tra-

1094 2529 1141 2560 At
1160 2486 1276 2579 Mbffsg?
1298 2530 1441 2568 comites,
1465 2533 1499 2561 et
1518 2531 1660 2562 carmina
1679 2532 1771 2571 grata
1791 2529 1837 2562 10-

1139 2576 1322 2646 Ειὲἒέίξέω
1336 2615 1439 2646 choris
1455 2615 1630 2657 calliopeia
1644 2614 1759 2648 meis.”

1094 2675 1148 2706 36.
1173 2676 1251 2706 Non
1279 2684 1432 2715 coquo-reo
1457 2678 1599 2707 vestrum
1627 2678 1694 2707 tam
1718 2685 1833 2717 euper-

1053 2717 1143 2758 bum]
1192 2720 1201 2735 ⁴
1216 2718 1232 2748 1
1245 2718 1287 2748 do
1303 2721 1361 2748 not
1382 2718 1548 2758 recognize
1569 2727 1650 2758 your
1672 2718 1836 2750 character

1052 2770 1087 2791 as
1111 2770 1146 2791 so
1171 2760 1338 2801 haughty!
1384 2760 1454 2791 The
1476 2761 1587 2800 ellipse
1608 2761 1636 2792 is
1658 2761 1780 2792 similar
1799 2765 1835 2794 to

1051 2802 1123 2833 that
1137 2803 1171 2834 in
1186 2803 1242 2834 the
1257 2803 1440 2843 expression
1466 2805 1474 2820 ⁴
1488 2804 1658 2843 antiquum
1683 2803 1834 2844 obtinee,'

1051 2845 1175 2876 Andria
1203 2846 1244 2877 iv.
1275 2848 1306 2876 5.
1337 2847 1380 2876 22
1416 2844 1484 2886 (see
1513 2845 1616 2887 note).
1677 2847 1836 2888 Compare

1053 2888 1195 2927 Plautus,
1211 2889 1419 2920 Trinummus
1433 2889 1466 2919 ii.
1483 2890 1514 2920 4.
1531 2890 1593 2920 44:

1449 2939 1547 2970 Haud
1561 2950 1660 2972 nosco
1675 2943 1768 2973 tuum
1780 2953 1790 2973 =

1095 2981 1195 3013 Bonis
1210 2982 1272 3013 tuis
1287 2982 1383 3013 rebus
1398 2992 1485 3014 meas
1499 2993 1550 3014 res
1564 2983 1676 3015 irrides
1691 2982 1826 3017 malas?
