2020 3412
254 275 339 317 262

916 272 1206 315 ADELPHI.

370 389 439 432 Ne
458 403 579 431 mora
600 387 656 431 sit
676 387 713 431 si
732 387 951 430 innuerim
971 387 1077 444 quin
1110 399 1284 442 pugnus
1317 384 1520 427 continuo
1551 384 1600 427 in
1625 385 1740 428 mala
1769 385 1871 428 hae·
1930 417 1940 427 .

375 459 598 564 &geg-tuo
619 520 716 562 volo
737 534 840 574 ergo
859 518 1003 574 ipsum
1023 515 1222 573 experiri.
1282 515 1381 558 Aes.
1404 515 1532 567 Hem,
1555 530 1701 558 serva:
1723 515 1874 558 omitte

429 586 667 627 mulierem.

376 651 446 694 Sa.
481 651 517 692 Ο
551 650 716 692 facinus
748 647 1008 704 indignum!
1069 646 1169 690 Aes.
1203 647 1454 690 Geminabit
1484 646 1571 689 nisi
1602 662 1737 690 caves.
1801 645 1872 688 Sa.

431 717 518 759 Hei
538 716 692 758 misero
713 714 823 756 mihi
841 714 850 755 1

373 782 471 823 Aes
504 781 637 823 Non
624 795 878 822 innueram:
910 794 1065 822 verum
1093 779 1140 820 111
1172 778 1302 821 istam
1331 782 1501 835 partem
1531 777 1674 834 potius
1700 781 1876 851 peccato

433 851 592 888 tamen.
1740 870 1743 873 <
1831 855 1878 886 20

376 912 400 954 I
421 927 536 954 nunc
553 912 657 969 jam.
722 910 792 953 Sa.
828 910 944 958 Quid
975 911 1056 953 hoc
1077 910 1141 953 rei
1161 909 1252 953 est!
1286 925 1526 967 regnumne
1557 908 1774 952 Aeschine
1804 909 1877 951 hic

433 983 484 1020 tu
503 977 727 1034 possides?

376 1043 475 1086 Aes.
509 1043 555 1086 Si
575 1044 836 1100 possiderem
855 1046 1031 1084 ornatus
1052 1057 1162 1084 esses
1183 1057 1238 1083 ex
1256 1042 1343 1084 tuis
1362 1041 1609 1084 virtutibus.

379 1108 449 1151 Sa.
485 1109 601 1156 Quid
620 1109 702 1151 tibi
722 1109 785 1150 rei
804 1124 972 1150 mecum
1003 1108 1102 1150 est?
1160 1106 1258 1149 Aes.
1290 1107 1429 1150 Nihil.
1493 1107 1563 1150 Sa.
1599 1107 1750 1155 Quid?
1779 1122 1877 1150 nos-

436 1175 504 1217 tin
524 1175 599 1231 qui
619 1175 701 1217 sim
717 1175 737 1216 P
796 1173 894 1215 Aes.
927 1174 1028 1215 Non
1049 1173 1254 1216 desidero.

382 1238 452 1282 Sa.
486 1240 661 1297 Tetigin
682 1239 747 1282 tui
768 1240 1031 1296 quicquam?
1090 1239 1188 1281 Aes.
1222 1238 1268 1280 Si
1289 1238 1504 1295 attigisses
1533 1238 1666 1281 ferres
1694 1237 1878 1280 infortu-

437 1306 571 1347 nium.

382 1370 453 1412 Sa.
489 1371 575 1418 Qui
594 1371 676 1413 tibi
696 1370 836 1427 magis
855 1370 957 1412 licet
977 1386 1119 1412 meam
1137 1370 1295 1412 habere
1315 1385 1394 1426 pro
1421 1386 1506 1427 qua
1538 1385 1619 1427 ego
1652 1374 1882 1427 argentum

437 1437 537 1478 dedi
553 1437 574 1478 Ρ
1837 1447 1882 1478 25

379 1501 618 1557 Responde.
679 1501 777 1543 Aes.
810 1500 928 1543 Ante
949 1501 1073 1543 aedes
1093 1517 1181 1543 non
1201 1500 1349 1543 fecisse
1369 1501 1451 1543 erit
1470 1501 1623 1544 melius
1642 1501 1715 1544 1110
1735 1500 1880 1544 eonvi-

438 1583 578 1618 cium3

380 1633 496 1675 Nam
516 1633 553 1674 si
572 1632 776 1674 molestus
795 1632 942 1688 pergis
963 1648 1051 1674 esse
1067 1631 1160 1688 jam
1180 1631 1295 1674 intro
1317 1632 1528 1688 abripiere
1550 1637 1679 1689 atque
1699 1631 1762 1674 ibi

382 1695 532 1751 Usque
553 1696 609 1737 ad
634 1710 784 1737 necem
816 1695 1005 1751 operiere
1037 1695 1153 1737 loris.
1217 1694 1288 1737 Sa.
1320 1695 1445 1738 Loris
1475 1695 1586 1738 liber
1602 1696 1623 1738 Ρ
1681 1695 1779 1737 Aes.
1813 1693 1883 1737 Sic

439 1761 534 1803 erit.

312 1869 364 1899 20.
393 1869 515 1899 Verum
538 1868 573 1898 in
593 1867 691 1898 istam
700 1869 834 1907 partem
852 1868 966 1906 potius
976 1877 1054 1907 pec·
1099 1867 1213 1905 facere,
1229 1866 1262 1897 id
1278 1869 1337 1905 est,
1353 1877 1463 1908 regem
1478 1866 1584 1905 esse‚'’
1600 1867 1763 1908 Jugurtha
1777 1867 1832 1900 31.

269 1914 342 1942 cato

359 1911 481 1951 tamen]
525 1913 533 1928 ‘
546 1911 712 1948 However,
729 1921 780 1941 err
797 1911 906 1941 rather
926 1921 968 1941 011
984 1911 1056 1941 that
1143 1912 1196 1942 22.
1237 1911 1380 1942 Ornatus·
1410 1921 1491 1942 esses
1522 1920 1578 1942 eoe·
1594 1912 1660 1942 tuis
1688 1909 1882 1951 virtutibue]

269 1954 336 1985 side
347 1955 428 1985 atall
437 1953 571 1985 events!
588 1954 710 1991 Cicero,
722 1954 783 1984 Pro
795 1954 990 1984 Sex.Roscio
1000 1956 1054 1990 20,
1099 1954 1170 1984 The
1200 1963 1287 1984 same
1317 1955 1500 1994 expression
1530 1964 1641 1985 occurs
1675 1954 1709 1985 in
1742 1953 1885 1991 Plautus,

269 2007 343 2029 uses

357 2008 377 2028 a
392 1998 512 2028 similar
525 1997 729 2038 expression:
755 2000 776 2015 ‘⁴
788 1997 828 2027 In
844 2007 915 2028 eam
931 2001 1054 2037 partem
1100 1997 1227 2037 Captivi
1242 2007 1272 2027 v.
1288 1999 1319 2028 3.
1336 1999 1398 2028 20:
1424 2001 1443 2015 “
1459 1997 1521 2029 Sed
1536 2008 1666 2036 eccum3
1689 1997 1809 2028 incedit
1823 1997 1887 2028 huc

269 2042 375 2081 potius
390 2044 524 2082 peccant
539 2050 620 2081 quae
631 2041 753 2071 cautior
764 2044 813 2070 est
823 2040 856 2078 ;''
872 2041 928 2071 the
940 2041 1054 2080 phrase
1098 2044 1231 2071 ornatus
1244 2040 1329 2071 haud
1346 2051 1385 2071 ex
1401 2041 1466 2072 suis
1481 2040 1689 2072 virtutibus.”
1734 2041 1798 2071 We
1812 2050 1887 2081 may

269 2085 322 2115 ‘in
344 2083 491 2125 partem,’
507 2084 584 2115 with
599 2084 724 2114 various
739 2084 919 2123 adjectives,
936 2084 964 2114 is
978 2094 1055 2123 very
1098 2084 1273 2114 translate:
1306 2084 1360 2114 ‘If
1383 2084 1399 2115 Ι
1427 2094 1509 2115 were
1534 2084 1680 2115 absolute
1707 2084 1795 2121 here,
1822 2094 1887 2125 you

269 2137 429 2158 common.
474 2127 545 2158 The
570 2127 710 2167 position
736 2127 773 2157 of
799 2126 947 2157 ‘tamen'
979 2127 1055 2157 here
1098 2127 1204 2157 would
1232 2127 1272 2157 be
1302 2126 1421 2157 decked
1445 2131 1504 2158 out
1532 2128 1566 2158 in
1592 2128 1786 2158 accordance
1809 2127 1888 2158 with

268 2170 297 2201 is
318 2170 490 2211 emphatic,
514 2170 578 2201 and
603 2171 630 2201 is
653 2170 741 2200 often
767 2169 867 2200 found
898 2170 932 2200 in
961 2170 1055 2201 other
1099 2179 1180 2210 your
1202 2169 1333 2201 merite.¹
1380 2170 1444 2201 For
1468 2169 1642 2202 ‘ornatus'
1668 2181 1721 2202 see
1745 2166 1822 2202 11010
1843 2180 1887 2202 on

269 2214 402 2244 writers.
456 2214 526 2244 The
550 2213 655 2244 Index
679 2213 743 2244 will
768 2213 857 2244 show
882 2218 979 2254 many
1005 2214 1054 2244 in·
1102 2213 1221 2244 Heaut.
1238 2224 1268 2244 v.
1284 2214 1304 2244 i.
1323 2214 1376 2250 77.

270 2259 396 2288 stances
410 2256 444 2287 in
459 2257 600 2287 Terence
619 2257 683 2287 and
699 2257 842 2287 Plautus.
890 2259 898 2274 ‘
911 2256 1034 2287 Tamen
1046 2255 1054 2269 '
1144 2258 1197 2288 26.
1215 2257 1418 2295 Convieium]
1438 2256 1528 2288 ‘You
1536 2257 1601 2287 will
1610 2256 1677 2288 find
1686 2257 1713 2287 it
1722 2256 1828 2288 better
1836 2256 1888 2288 for

269 2300 304 2330 in
319 2299 384 2331 this
398 2300 536 2340 position
559 2300 719 2340 generally
735 2300 878 2340 qualifies
897 2299 953 2330 the
969 2299 1055 2331 word
1099 2309 1164 2340 you
1180 2303 1238 2330 not
1259 2304 1293 2330 to
1317 2300 1410 2331 make
1425 2311 1444 2330 a
1461 2300 1666 2332 disturbanee
1685 2300 1788 2331 here'
1779 2311 1813 2331 111
1830 2300 1888 2331 1110

269 2344 297 2374 11
318 2343 535 2383 immediately
561 2343 695 2380 follows,
727 2353 761 2373 as
791 2343 921 2374 here-¹
934 2343 969 2373 lf
993 2353 1056 2382 you
1101 2342 1221 2374 street)
1282 2343 1352 2374 The
1382 2343 1514 2384 original
1547 2345 1697 2385 meaning
1725 2343 1797 2375 of‘
1809 2353 1886 2375 oon-

271 2389 360 2417 must
374 2386 468 2417 make
479 2396 499 2417 a
515 2386 660 2423 mistake,
670 2386 764 2416 make
779 2386 806 2417 it
820 2396 862 2417 on
878 2386 949 2416 that
964 2385 1055 2417 side!
1101 2385 1239 2416 vicium'
1260 2397 1324 2417 was
1349 2389 1386 2417 ‘a
1406 2387 1497 2417 noise
1512 2387 1548 2417 of
1568 2398 1665 2428 many
1679 2387 1795 2419 voices.
1799 2386 1808 2402 '
1855 2387 1889 2418 It

271 2429 314 2461 In
329 2439 418 2460 some
432 2439 581 2470 passages
595 2429 622 2459 it
638 2430 781 2470 qualifies
796 2430 852 2460 the
866 2429 968 2460 whole
983 2439 1054 2460 sen
1100 2428 1128 2460 is
1143 2430 1244 2460 used'
1236 2440 1269 2460 111
1287 2430 1472 2461 Phaedrus
1463 2440 1485 2460 1.
1502 2431 1532 2462 6.
1550 2433 1591 2462 4:

272 2477 374 2511 101100,
391 2482 427 2504 as
441 2473 475 2503 in
492 2472 611 2504 Heaut.
627 2472 669 2503 iv.
686 2474 716 2503 2.
735 2474 772 2504 11
787 2484 795 2503 z

1105 2489 1320 2520 “Clamorem
1336 2500 1432 2521 ranae
1448 2490 1604 2521 sustulere
1619 2490 1660 2521 ad
1675 2489 1799 2521 sidera:

275 2534 296 2551 ‘⁴
308 2531 482 2564 Retraham
502 2531 609 2563 hercle
624 2532 738 2572 opinor
752 2532 792 2562 ad
815 2542 867 2562 me
881 2531 966 2563 idem
981 2532 1062 2562 illud
1143 2533 1295 2564 Convicio
1310 2537 1475 2574 permotus
1491 2535 1617 2574 quaerit
1628 2531 1791 2575 Jupiter,”
1807 2535 1867 2565 &c-

360 2575 531 2616 sugitivum
545 2578 713 2616 ”gentum
728 2574 872 2606 tamen),
1108 2601 1232 2638 Cicero,
1258 2601 1299 2632 In
1324 2601 1361 2633 C.
1386 2601 1520 2632 Verrem
1544 2601 1578 2632 ii.
1604 2603 1636 2632 5.
1660 2602 1712 2637 ll,
1734 2611 1811 2632 uses
1833 2601 1891 2632 the

320 2644 375 2675 21.
412 2643 602 2682 Reqmmme
633 2643 796 2674 Aeschino
829 2644 894 2674 hic*
917 2646 954 2674 tu
982 2653 1059 2683 pos·
1104 2644 1190 2675 word
1221 2645 1255 2675 in
1281 2645 1337 2675 the
1367 2655 1455 2676 same
1479 2654 1590 2676 sense:
1622 2647 1643 2662 ‘⁸
1654 2644 1758 2675 Erant
1780 2647 1890 2676 antem

277 2683 363 2717 sides
373 2685 420 2726 Γ]
455 2685 519 2716 We
533 2688 620 2717 meet
632 2686 711 2717 with
732 2686 789 2717 the
809 2696 896 2717 same
910 2690 1004 2717 taunt
1026 2687 1060 2717 in
1105 2688 1249 2718 convivia
1269 2698 1334 2718 non
1356 2689 1412 2719 illo
1433 2688 1558 2719 silentio
1580 2691 1764 2728 praetorum
1778 2688 1892 2729 populi

279 2729 431 2775 Phormio
444 2729 478 2760 ii.
495 2730 527 2760 3.
543 2729 606 2761 58:
1107 2731 1244 2761 Romani
1267 2735 1364 2772 atque
1387 2732 1627 2771 imperatorum,
1643 2740 1748 2771 neque
1769 2739 1809 2762 eo
1830 2740 1891 2772 pu-

278 2794 300 2810 u
312 2791 581 2833 Quandoquidem
597 2791 683 2823 soum
696 2801 822 2832 regnas,
837 2793 871 2822 et
885 2791 944 2821 soli
958 2791 1017 2822 tibi
1105 2774 1182 2804 dore
1202 2775 1256 2814 qui
1277 2775 1311 2804 in
1335 2775 1579 2813 magistratuum
1603 2774 1756 2805 conviviis
1774 2774 1893 2805 versari

313 2835 388 2866 Hoc
413 2835 454 2866 de
477 2834 590 2866 eadem
611 2845 707 2867 causa
725 2834 776 2866 bis
798 2834 954 2874 judicium
976 2835 1060 2875 apis-

278 2947 349 2978 The

278 3000 342 3031 any

1106 2818 1197 2854 solet,
1214 2818 1270 2847 sed
1292 2827 1364 2848 cum
1388 2818 1529 2847 maximo
1546 2818 1684 2847 elamore
1703 2821 1800 2858 atque
1814 2826 1891 2848 eon·

366 2879 431 2910 cim,
444 2877 466 2893 „
1106 2860 1197 2890 vicio.
1202 2860 1222 2875 ’¹
1260 2861 1372 2891 Hence
1388 2860 1444 2890 the
1459 2860 1641 2900 proverb-¹
1607 2882 1614 2889 .
1645 2860 1796 2899 ‘Septem
1812 2869 1890 2891 con-

432 2901 441 2910 “
1106 2903 1243 2933 vivium:
1273 2913 1387 2934 novem
1414 2913 1490 2933 vero
1515 2903 1703 2933 convicium
1708 2902 1729 2917 ''
1776 2902 1892 2934 Festus

369 2946 555 2987 expression
569 2956 633 2977 was
654 2945 734 2977 used
756 2945 876 2985 merely
890 2947 925 2976 to
948 2945 1063 2987 signify
1106 2946 1251 2986 explains
1273 2946 1330 2976 the
1353 2946 1439 2976 word
1462 2956 1497 2976 as
1520 2946 1574 2976 if*
1586 2946 1790 2984 eonvocium·
1795 2945 1891 2978 ’and

365 2993 555 3030 outrageous
579 2989 718 3021 exercise
741 2989 779 3020 of
800 2998 908 3029 power
932 2998 969 3019 or-
995 2989 1061 3019 vio-
1106 2989 1200 3020 011101·
1224 2989 1432 3029 etymologies
1455 2999 1509 3020 are
1534 2989 1627 3029 given
1651 2989 1685 3019 in
1710 2989 1890 3028 Forcellini,

278 3033 379 3071 leuce,
396 3043 431 3065 as
447 3033 568 3065 Sallust
582 3042 674 3074 says:
699 3034 720 3051 ‘⁴
731 3032 871 3073 Impune
887 3042 969 3074 quae
984 3031 1062 3063 libet
1105 3032 1165 3063 but
1180 3042 1266 3064 none
1281 3032 1318 3063 of
1328 3032 1417 3063 them
1434 3042 1520 3063 seem
1535 3032 1701 3073 probabis.
