2020 3412
213 265 386 309 xxxviii
782 258 850 301 IN
854 249 1260 300 TRODUCTION.

272 378 506 420 Sometimes
527 380 536 398 ‘
550 390 591 416 eo
604 377 614 394 '
636 374 714 414 and
733 373 786 413 its
805 377 942 413 tenses
962 386 1029 412 are
1047 373 1144 412 thus
1163 370 1395 412 contracted
1412 388 1421 410 z

271 474 325 499 eo.
383 461 405 480 “
418 459 460 498 N
463 458 484 497 e
502 458 579 498 vim
599 456 719 496 facias
737 454 858 493 finam
877 453 920 492 in
938 452 1058 492 illam.
1115 452 1247 502 Thais,
1268 465 1341 503 ego
1361 464 1404 490 eo
1423 449 1473 490 ad
1493 423 1780 504 sophronam.”

1411 522 1535 573 (Eun.
1554 522 1605 563 iv.
1626 522 1664 564 7.
1685 522 1772 576 37.)

518 619 540 637 “
554 605 641 667 Ego
662 628 704 654 eo
722 613 841 663 intro,
861 616 910 652 ut
929 625 1029 665 quae
1049 624 1150 664 opus
1170 610 1267 649 s1'1nt
1284 611 1517 662 parentur.''

1361 681 1551 735 (Adelph.
1569 681 1622 722 iv.
1641 683 1679 722 5.
1701 681 1787 733 72.)
1814 698 1818 700 “

275 778 299 798 “
313 775 419 816 Nam
439 778 501 814 est
520 774 624 827 quod
642 786 706 812 me
724 771 896 812 transire
916 770 966 810 aad
985 770 1112 810 forum
1126 770 1209 823 jam
1229 769 1400 823 oportet.
1457 769 1521 808 Eo
1540 772 1674 808 tecum
1692 768 1814 808 fina.’'

1380 840 1565 892 (Hecyra
1581 839 1623 879 ii.
1643 841 1681 878 2.
1701 840 1788 891 31.)

276 948 350 973 eas.
407 936 430 955 “
444 932 520 972 Sed
540 931 685 985 quaeso
703 933 751 971 ut
770 944 851 970 una
870 929 1026 970 meeum
1045 929 1095 969 ad
1113 932 1282 968 matrem
1299 927 1465 981 virginis
1485 942 1560 977 eas,
1580 926 1750 968 Micio.'’

1003 995 1007 998 ’
1399 999 1590 1055 (Adelph.
1609 999 1660 1039 iv.
1680 1001 1718 1039 3.
1740 998 1798 1051 7.)

599 1090 622 1110 “
635 1090 721 1128 Eas
740 1088 789 1128 ad
809 1087 994 1128 mulieres
1012 1087 1091 1127 huc
1109 1086 1218 1126 intro
1234 1087 1327 1127 :—’'
1445 1086 1630 1145 (Hecyra.
1646 1099 1682 1127 v.
1703 1089 1741 1126 1.
1757 1086 1844 1138 28.)

276 1201 416 1236 eamus,
437 1199 546 1227 once.
604 1187 626 1206 ‘⁶
644 1184 758 1225 Solus
784 1187 846 1224 est
866 1184 983 1224 homo
1012 1182 1138 1223 amico
1169 1182 1329 1223 amicus.
1386 1182 1539 1222 Edmus
1566 1197 1662 1236 ergo
1686 1183 1737 1223 ad
1755 1197 1849 1223 eum·

673 1254 817 1295 o'cius.’'
1343 1253 1550 1304 (Phormio
1569 1253 1625 1292 iii.
1645 1255 1683 1293 3.
1703 1253 1791 1305 29.)

274 1358 369 1394 eam,
401 1349 475 1393 eat,
509 1348 625 1383 eatur
655 1357 722 1382 are
753 1345 827 1381 not
858 1340 1088 1381 cont-racted
1112 1340 1157 1379 in
1176 1341 1350 1380 Terence
1367 1357 1375 1380 ε
1407 1341 1512 1389 deus,
1533 1341 1636 1390 deae,
1669 1353 1787 1390 meus,
1805 1337 1850 1379 in

221 1428 341 1468 many
362 1428 472 1454 cases
493 1415 572 1454 and
592 1414 774 1466 genders,
793 1426 860 1452 are
877 1412 1108 1465 frequently
1127 1411 1382 1451 contracted:
1411 1412 1473 1450 rei
1491 1411 1616 1461 often,
1636 1425 1680 1452 as
1697 1411 1742 1451 in

239 1496 262 1514 “
274 1494 298 1532 I
316 1493 424 1533 nunc
440 1495 533 1533 iam.
574 1493 683 1544 Quid
702 1492 776 1532 hoc
794 1493 855 1531 rei
873 1491 967 1531 est?
986 1505 1220 1542 regnumne,
1235 1490 1450 1539 Aeschine,
1465 1490 1529 1530 hic
1548 1494 1595 1530 tu
1610 1490 1788 1544 possides
1802 1490 1849 1530 ?”

1264 1618 1265 1621 Ἴ
1367 1562 1557 1615 (Adelph.
1577 1562 1617 1602 ii.
1640 1564 1677 1602 1.
1698 1562 1784 1613 21.)

776 1643 798 1662 “
815 1640 924 1691 Quid
941 1639 1008 1680 rei
1022 1640 1125 1693 gerit
1139 1640 1186 1680 ?''
1412 1641 1591 1692 (Phorm.
1613 1641 1640 1681 i.
1663 1643 1701 1682 2.
1721 1641 1808 1692 95.)

483 1731 506 1784 ’ἶ
522 1710 729 1770 Postremo
749 1730 883 1767 tecum
902 1727 1005 1767 nihil
1023 1728 1083 1766 rei
1102 1726 1229 1776 nobis,
1250 1727 1463 1780 Demipho,
1483 1728 1586 1768 est.'’

1313 1788 1315 1791 .
1385 1798 1566 1848 (Phorm.
1586 1798 1627 1838 ii.
1647 1801 1686 1838 3.
1708 1799 1794 1850 74.)

384 1888 476 1927 “In
493 1887 601 1928 hunc
619 1887 724 1927 diem
743 1891 792 1927 ut
812 1887 860 1926 de
880 1886 1068 1938 symbolis
1088 1885 1280 1926 essemus.
1338 1885 1556 1940 Chaeream
1575 1884 1617 1924 ei
1629 1885 1730 1935 rei‚'’

1456 1956 1580 2008 (Eun.
1601 1956 1656 1995 iii.
1676 1958 1716 1996 4.
1736 1956 1794 2006 2‚)
1828 2011 1838 2018 ⁴

221 2029 301 2069 and
321 2029 365 2069 in
383 2043 503 2083 many
522 2029 638 2069 other
656 2042 778 2069 cases.
836 2029 888 2068 So
908 2028 990 2068 also
1009 2027 1043 2066 is

275 2118 370 2179 ἤρετ’.
536 2119 558 2137 “
574 2116 637 2156 Ut
656 2115 902 2169 pernoscatis
922 2114 1063 2168 ecquid
1082 2115 1166 2167 spei
1185 2113 1237 2154 sit
1255 2113 1492 2167 reliquum.”

1370 2184 1558 2236 (Andria,
1580 2183 1687 2224 Prol.
1707 2184 1794 2235 25.)

539 2269 562 2287 “
578 2266 741 2317 Quanto
761 2264 894 2305 minus
912 2266 996 2318 spei
1014 2268 1078 2304 est
1095 2268 1212 2304 tanto
1230 2263 1356 2316 magis
1375 2264 1504 2303 amo.’'

1386 2335 1510 2387 (Eun.
1531 2348 1566 2374 v.
1589 2335 1626 2373 8.
1646 2332 1733 2383 25.)

540 2416 563 2434 “
577 2414 632 2454 Et
651 2413 747 2466 quid
765 2414 848 2466 spei
866 2427 984 2467 porro
1003 2418 1067 2453 est
1083 2412 1129 2453 1²³³
1373 2413 1552 2465 (Phorm.
1571 2411 1627 2451 iii.
1648 2413 1685 2451 1.
1707 2411 1794 2463 10.)

223 2502 276 2541 In
301 2501 430 2542 words
460 2500 558 2541 such
592 2514 636 2540 as
666 2503 676 2521 ‘
688 2500 819 2540 fateor
832 2501 841 2518 ’
877 2500 947 2540 the
979 2500 1230 2540 contraction
1258 2500 1497 2553 necessarily
1527 2499 1642 2539 takes
1671 2498 1783 2551 place
1812 2496 1858 2537 in

223 2571 433 2611 Terence’s
451 2584 574 2611 verse.

277 2644 316 2681 5.
347 2641 609 2682 Contraction
626 2641 661 2680 is
681 2641 764 2681 also
782 2640 910 2681 found
927 2641 971 2681 in
990 2641 1119 2682 words
1143 2642 1188 2681 in
1206 2640 1334 2686 which
1354 2643 1364 2662 ‘
1380 2655 1403 2680 0
1417 2641 1426 2659 ’
1448 2640 1528 2680 and
1547 2639 1716 2680 another
1731 2637 1858 2679 vowel

225 2725 335 2752 come
353 2713 550 2765 together.
606 2712 702 2752 This
720 2712 755 2752 is
773 2726 867 2766 very
887 2712 1075 2766 frequent
1101 2712 1145 2752 in
1172 2713 1341 2752 Plautus
1360 2712 1403 2751 in
1422 2711 1552 2751 words
1583 2707 1859 2763 compounded

226 2782 272 2821 of
279 2782 347 2822 the
359 2782 606 2835 proposition
624 2785 634 2804 ‘
647 2783 722 2822 co-'
738 2799 747 2822 ι
767 2797 810 2822 as
830 2783 1025 2832 concidere,
1039 2789 1203 2832 coactus,
1219 2785 1334 2837 coeqi.
1391 2783 1566 2822 Terence
1584 2795 1677 2822 uses
1695 2780 1731 2820 it
1748 2792 1860 2819 more

316 2911 337 2926 “
355 2909 429 2941 Hoc
444 2910 552 2941 eodem
567 2909 654 2942 ferro
669 2910 769 2941 stillet
783 2913 919 2951 uterque
934 2910 1061 2942 cruor.”
1109 2911 1155 2952 (ii.
1173 2914 1204 2944 9.
1224 2911 1292 2953 10.)

318 2962 339 2977 “
357 2959 429 2991 Hac
444 2961 554 2992 eadem
567 2971 689 2999 rursus,
706 2961 882 3002 Lygdame,
899 2972 989 2993 curre
1005 2960 1091 2993 via.’'
1139 2962 1195 3003 (iv.
1213 2965 1243 2994 5.
1261 2961 1331 3003 36.)

319 3010 341 3026 “
357 3009 496 3042 Eosdem
510 3011 625 3044 habuit
639 3022 747 3044 secum
763 3011 880 3053 quibus
896 3015 945 3045 est
960 3013 1044 3045 elata
1059 3013 1203 3055 capillos.
1249 3014 1390 3046 Eosdem
1406 3013 1526 3045 oculos.
1575 3011 1620 3054 (v.
1637 3011 1669 3048 7.
1685 3010 1718 3049 7»
1735 3008 1783 3052 8·)
