<?xml version="1.0" encoding="UTF-8"?>
<!DOCTYPE html PUBLIC "-//W3C//DTD XHTML 1.0 Transitional//EN"
    "http://www.w3.org/TR/xhtml1/DTD/xhtml1-transitional.dtd">
<html xmlns="http://www.w3.org/1999/xhtml" xml:lang="en" lang="en">
 <head>
  <title>
</title>
<meta http-equiv="Content-Type" content="text/html;charset=utf-8" />
  <meta name='ocr-system' content='tesseract 3.04.00' />
  <meta name='ocr-capabilities' content='ocr_page ocr_carea ocr_par ocr_line ocrx_word'/>
</head>
<body>
  <div class='ocr_page' id='page_1' title='image "./comoediaesexwith00tereuoft_0676.png"; bbox 0 0 2020 3412; ppageno 0'>
   <div class='ocr_carea' id='block_1_1' title="bbox 309 269 393 312">
    <p class='ocr_par' dir='ltr' id='par_1_1' title="bbox 309 269 393 312">
     <span class='ocr_line' id='line_1_1' title="bbox 309 269 393 312; baseline 0 0"><span class='ocrx_word' id='word_1_1' title='bbox 309 269 393 312; x_wconf 81' lang='lat'>602</span> 
     </span>
    </p>
   </div>
   <div class='ocr_carea' id='block_1_2' title="bbox 269 385 814 3046">
    <p class='ocr_par' dir='ltr' id='par_1_2' title="bbox 305 385 814 574">
     <span class='ocr_line' id='line_1_2' title="bbox 345 385 814 426; baseline 0.004 -11"><span class='ocrx_word' id='word_1_2' title='bbox 345 385 462 426; x_wconf 85' lang='lat' dir='ltr'>orator]</span> <span class='ocrx_word' id='word_1_3' title='bbox 488 385 648 417; x_wconf 75' lang='lat' dir='ltr'><em>Oratorem</em></span> <span class='ocrx_word' id='word_1_4' title='bbox 671 395 735 417; x_wconf 86' lang='lat' dir='ltr'>esse</span> <span class='ocrx_word' id='word_1_5' title='bbox 762 397 814 417; x_wconf 87' lang='lat' dir='ltr'>vo-</span> 
     </span>
     <span class='ocr_line' id='line_1_3' title="bbox 306 424 812 466; baseline 0.006 -12"><span class='ocrx_word' id='word_1_6' title='bbox 306 424 368 454; x_wconf 82' lang='lat' dir='ltr'>luit</span> <span class='ocrx_word' id='word_1_7' title='bbox 389 435 448 463; x_wconf 89' lang='lat' dir='ltr'>me,</span> <span class='ocrx_word' id='word_1_8' title='bbox 473 436 535 456; x_wconf 88' lang='lat' dir='ltr'>non</span> <span class='ocrx_word' id='word_1_9' title='bbox 558 425 724 466; x_wconf 82' lang='lat' dir='ltr'><strong>prologum.</strong></span> <span class='ocrx_word' id='word_1_10' title='bbox 749 426 812 456; x_wconf 87' lang='lat' dir='ltr'>He-</span> 
     </span>
     <span class='ocr_line' id='line_1_4' title="bbox 305 464 813 496; baseline 0.006 -3"><span class='ocrx_word' id='word_1_11' title='bbox 305 470 368 494; x_wconf 86' lang='lat' dir='ltr'>aut.</span> <span class='ocrx_word' id='word_1_12' title='bbox 384 464 467 495; x_wconf 90' lang='lat' dir='ltr'>Prol.</span> <span class='ocrx_word' id='word_1_13' title='bbox 485 465 530 495; x_wconf 93' lang='lat' dir='ltr'>ll.</span> <span class='ocrx_word' id='word_1_14' title='bbox 573 466 689 496; x_wconf 77' lang='lat' dir='ltr'>Orator</span> <span class='ocrx_word' id='word_1_15' title='bbox 708 466 745 495; x_wconf 84' lang='lat' dir='ltr'>ad</span> <span class='ocrx_word' id='word_1_16' title='bbox 760 476 813 496; x_wconf 85' lang='lat' dir='ltr'>vos</span> 
     </span>
     <span class='ocr_line' id='line_1_5' title="bbox 305 504 810 544; baseline 0.004 -11"><span class='ocrx_word' id='word_1_17' title='bbox 305 505 404 540; x_wconf 86' lang='lat' dir='ltr'>venio,</span> <span class='ocrx_word' id='word_1_18' title='bbox 433 509 542 534; x_wconf 79' lang='lat' dir='ltr'>ornatu</span> <span class='ocrx_word' id='word_1_19' title='bbox 571 504 696 544; x_wconf 85' lang='lat' dir='ltr'>prologi.</span> <span class='ocrx_word' id='word_1_20' title='bbox 734 505 810 535; x_wconf 80' lang='lat' dir='ltr'>Hec.</span> 
     </span>
     <span class='ocr_line' id='line_1_6' title="bbox 306 543 516 574; baseline 0.005 -1"><span class='ocrx_word' id='word_1_21' title='bbox 306 543 372 573; x_wconf 88' lang='lat' dir='ltr'>Alt.</span> <span class='ocrx_word' id='word_1_22' title='bbox 389 544 473 574; x_wconf 91' lang='lat' dir='ltr'>Prol.</span> <span class='ocrx_word' id='word_1_23' title='bbox 492 543 516 574; x_wconf 90' lang='lat' dir='ltr'>l.</span> 
     </span>
    </p>

    <p class='ocr_par' dir='ltr' id='par_1_3' title="bbox 304 582 812 852">
     <span class='ocr_line' id='line_1_7' title="bbox 344 582 810 623; baseline 0.002 -11"><span class='ocrx_word' id='word_1_24' title='bbox 344 582 448 623; x_wconf 79' lang='lat' dir='ltr'>orbus]</span> <span class='ocrx_word' id='word_1_25' title='bbox 474 583 563 613; x_wconf 76' lang='lat' dir='ltr'>Hanc</span> <span class='ocrx_word' id='word_1_26' title='bbox 579 583 707 622; x_wconf 78' lang='lat' dir='ltr'>ejectam</span> <span class='ocrx_word' id='word_1_27' title='bbox 731 593 810 613; x_wconf 79' lang='lat' dir='ltr'>rece-</span> 
     </span>
     <span class='ocr_line' id='line_1_8' title="bbox 305 622 809 661; baseline -0.002 -9"><span class='ocrx_word' id='word_1_28' title='bbox 305 622 393 660; x_wconf 74' lang='lat' dir='ltr'>pisse.</span> <span class='ocrx_word' id='word_1_29' title='bbox 405 622 519 659; x_wconf 78' lang='lat' dir='ltr'>orbam,</span> <span class='ocrx_word' id='word_1_30' title='bbox 535 631 669 661; x_wconf 78' lang='lat' dir='ltr'>parvam.</span> <span class='ocrx_word' id='word_1_31' title='bbox 692 623 775 652; x_wconf 87' lang='lat' dir='ltr'>And.</span> <span class='ocrx_word' id='word_1_32' title='bbox 791 623 809 652; x_wconf 91' lang='lat' dir='ltr'>i.</span> 
     </span>
     <span class='ocr_line' id='line_1_9' title="bbox 306 661 811 700; baseline -0.002 -9"><span class='ocrx_word' id='word_1_33' title='bbox 306 661 334 698; x_wconf 86' lang='lat'>3,</span> <span class='ocrx_word' id='word_1_34' title='bbox 362 661 406 691; x_wconf 90' lang='grc'>19.</span> <span class='ocrx_word' id='word_1_35' title='bbox 450 662 536 691; x_wconf 76' lang='lat' dir='ltr'>Haec</span> <span class='ocrx_word' id='word_1_36' title='bbox 560 662 642 700; x_wconf 85' lang='lat' dir='ltr'>virgo</span> <span class='ocrx_word' id='word_1_37' title='bbox 669 661 742 691; x_wconf 79' lang='lat' dir='ltr'>orba</span> <span class='ocrx_word' id='word_1_38' title='bbox 766 668 811 691; x_wconf 84' lang='lat' dir='ltr'>est</span> 
     </span>
     <span class='ocr_line' id='line_1_10' title="bbox 304 700 812 740; baseline 0 -10"><span class='ocrx_word' id='word_1_39' title='bbox 304 706 397 740; x_wconf 82' lang='lat' dir='ltr'>patre.</span> <span class='ocrx_word' id='word_1_40' title='bbox 422 700 553 740; x_wconf 87' lang='lat' dir='ltr'>Adelph.</span> <span class='ocrx_word' id='word_1_41' title='bbox 569 701 608 730; x_wconf 90' lang='lat' dir='ltr'>iv.</span> <span class='ocrx_word' id='word_1_42' title='bbox 625 701 653 736; x_wconf 87' lang='lat'>5,</span> <span class='ocrx_word' id='word_1_43' title='bbox 671 700 716 729; x_wconf 87' lang='lat'>16.</span> <span class='ocrx_word' id='word_1_44' title='bbox 747 700 812 730; x_wconf 84' lang='lat' dir='ltr'>Lex</span> 
     </span>
     <span class='ocr_line' id='line_1_11' title="bbox 304 740 812 778; baseline 0 -9"><span class='ocrx_word' id='word_1_45' title='bbox 304 744 359 776; x_wconf 87' lang='lat' dir='ltr'>est,</span> <span class='ocrx_word' id='word_1_46' title='bbox 376 745 410 769; x_wconf 89' lang='lat' dir='ltr'>ut</span> <span class='ocrx_word' id='word_1_47' title='bbox 424 740 522 777; x_wconf 82' lang='lat' dir='ltr'>orbae,</span> <span class='ocrx_word' id='word_1_48' title='bbox 537 741 589 778; x_wconf 88' lang='lat' dir='ltr'>qui</span> <span class='ocrx_word' id='word_1_49' title='bbox 612 745 684 769; x_wconf 89' lang='lat' dir='ltr'>sunt</span> <span class='ocrx_word' id='word_1_50' title='bbox 704 749 812 778; x_wconf 82' lang='lat' dir='ltr'>genere</span> 
     </span>
     <span class='ocr_line' id='line_1_12' title="bbox 304 778 809 851; baseline 0 -43"><span class='ocrx_word' id='word_1_51' title='bbox 304 780 447 851; x_wconf 52' lang='grc' dir='ltr'>Ρῐὲκίῗιί,</span> <span class='ocrx_word' id='word_1_52' title='bbox 471 780 511 809; x_wconf 86' lang='lat' dir='ltr'>iis</span> <span class='ocrx_word' id='word_1_53' title='bbox 533 780 659 809; x_wconf 84' lang='lat' dir='ltr'>nubant.</span> <span class='ocrx_word' id='word_1_54' title='bbox 685 778 809 809; x_wconf 86' lang='lat' dir='ltr'>Phorm.</span> 
     </span>
     <span class='ocr_line' id='line_1_13' title="bbox 305 827 434 852; baseline 0.008 -5"><span class='ocrx_word' id='word_1_55' title='bbox 305 827 329 848; x_wconf 89' lang='lat'>1.</span> <span class='ocrx_word' id='word_1_56' title='bbox 364 841 371 852; x_wconf 82' lang='lat'>,</span> <span class='ocrx_word' id='word_1_57' title='bbox 407 829 434 848; x_wconf 81' lang='grc' dir='ltr'>ο.</span> 
     </span>
    </p>

    <p class='ocr_par' dir='ltr' id='par_1_4' title="bbox 302 856 810 1014">
     <span class='ocr_line' id='line_1_14' title="bbox 345 856 810 896; baseline 0 -9"><span class='ocrx_word' id='word_1_58' title='bbox 345 857 453 896; x_wconf 75' lang='lat' dir='ltr'>Orcus]</span> <span class='ocrx_word' id='word_1_59' title='bbox 476 857 538 894; x_wconf 81' lang='lat' dir='ltr'>Qui</span> <span class='ocrx_word' id='word_1_60' title='bbox 562 858 600 887; x_wconf 83' lang='lat' dir='ltr'>ab</span> <span class='ocrx_word' id='word_1_61' title='bbox 626 856 705 888; x_wconf 84' lang='lat' dir='ltr'>Oreo</span> <span class='ocrx_word' id='word_1_62' title='bbox 729 867 810 887; x_wconf 90' lang='lat' dir='ltr'>mor-</span> 
     </span>
     <span class='ocr_line' id='line_1_15' title="bbox 303 896 810 927; baseline 0.002 -2"><span class='ocrx_word' id='word_1_63' title='bbox 303 899 393 925; x_wconf 88' lang='lat' dir='ltr'>tuum</span> <span class='ocrx_word' id='word_1_64' title='bbox 414 907 464 927; x_wconf 89' lang='lat' dir='ltr'>me</span> <span class='ocrx_word' id='word_1_65' title='bbox 487 898 632 926; x_wconf 83' lang='lat' dir='ltr'><strong>reducem</strong></span> <span class='ocrx_word' id='word_1_66' title='bbox 654 897 686 926; x_wconf 91' lang='lat' dir='ltr'>in</span> <span class='ocrx_word' id='word_1_67' title='bbox 709 896 810 926; x_wconf 87' lang='lat' dir='ltr'>lucem</span> 
     </span>
     <span class='ocr_line' id='line_1_16' title="bbox 302 935 809 975; baseline 0.004 -11"><span class='ocrx_word' id='word_1_68' title='bbox 302 935 417 966; x_wconf 86' lang='lat' dir='ltr'>feceris.</span> <span class='ocrx_word' id='word_1_69' title='bbox 462 936 527 975; x_wconf 88' lang='lat' dir='ltr'>Ego</span> <span class='ocrx_word' id='word_1_70' title='bbox 556 936 637 966; x_wconf 89' lang='lat' dir='ltr'>hunc</span> <span class='ocrx_word' id='word_1_71' title='bbox 664 937 702 966; x_wconf 83' lang='lat' dir='ltr'>ab</span> <span class='ocrx_word' id='word_1_72' title='bbox 731 936 809 966; x_wconf 83' lang='lat' dir='ltr'>Oreo</span> 
     </span>
     <span class='ocr_line' id='line_1_17' title="bbox 303 975 807 1014; baseline 0.002 -10"><span class='ocrx_word' id='word_1_73' title='bbox 303 977 484 1005; x_wconf 77' lang='lat' dir='ltr'>mortuum?</span> <span class='ocrx_word' id='word_1_74' title='bbox 520 976 596 1005; x_wconf 86' lang='lat' dir='ltr'>Hec.</span> <span class='ocrx_word' id='word_1_75' title='bbox 612 986 642 1006; x_wconf 81' lang='lat' dir='ltr'>v.</span> <span class='ocrx_word' id='word_1_76' title='bbox 653 976 682 1013; x_wconf 88' lang='lat'>4,</span> <span class='ocrx_word' id='word_1_77' title='bbox 698 975 744 1014; x_wconf 95' lang='lat'>12,</span> <span class='ocrx_word' id='word_1_78' title='bbox 760 975 807 1005; x_wconf 89' lang='lat'>35.</span> 
     </span>
    </p>

    <p class='ocr_par' dir='ltr' id='par_1_5' title="bbox 298 1014 809 1642">
     <span class='ocr_line' id='line_1_18' title="bbox 341 1014 808 1053; baseline 0.002 -10"><span class='ocrx_word' id='word_1_79' title='bbox 341 1014 432 1053; x_wconf 87' lang='lat' dir='ltr'>ordo]</span> <span class='ocrx_word' id='word_1_80' title='bbox 463 1015 625 1052; x_wconf 74' lang='lat' dir='ltr'>Quendam</span> <span class='ocrx_word' id='word_1_81' title='bbox 653 1015 716 1045; x_wconf 85' lang='lat' dir='ltr'>mei</span> <span class='ocrx_word' id='word_1_82' title='bbox 751 1014 808 1044; x_wconf 89' lang='lat' dir='ltr'>loci</span> 
     </span>
     <span class='ocr_line' id='line_1_19' title="bbox 301 1052 809 1093; baseline 0.002 -11"><span class='ocrx_word' id='word_1_83' title='bbox 301 1052 375 1083; x_wconf 91' lang='lat' dir='ltr'>hinc</span> <span class='ocrx_word' id='word_1_84' title='bbox 388 1059 479 1093; x_wconf 85' lang='lat' dir='ltr'>atque</span> <span class='ocrx_word' id='word_1_85' title='bbox 492 1055 617 1085; x_wconf 78' lang='lat' dir='ltr'><em>ordinis.</em></span> <span class='ocrx_word' id='word_1_86' title='bbox 640 1054 721 1084; x_wconf 89' lang='lat' dir='ltr'>Eun.</span> <span class='ocrx_word' id='word_1_87' title='bbox 733 1054 765 1083; x_wconf 90' lang='lat' dir='ltr'>ii.</span> <span class='ocrx_word' id='word_1_88' title='bbox 779 1053 809 1092; x_wconf 91' lang='lat'>2,</span> 
     </span>
     <span class='ocr_line' id='line_1_20' title="bbox 302 1091 808 1124; baseline 0.002 -2"><span class='ocrx_word' id='word_1_89' title='bbox 302 1091 330 1122; x_wconf 87' lang='lat'>3.</span> <span class='ocrx_word' id='word_1_90' title='bbox 374 1093 422 1122; x_wconf 90' lang='lat' dir='ltr'>Tu</span> <span class='ocrx_word' id='word_1_91' title='bbox 437 1094 487 1123; x_wconf 88' lang='lat' dir='ltr'>isti</span> <span class='ocrx_word' id='word_1_92' title='bbox 502 1104 590 1123; x_wconf 86' lang='lat' dir='ltr'>narra</span> <span class='ocrx_word' id='word_1_93' title='bbox 603 1104 728 1124; x_wconf 88' lang='lat' dir='ltr'>omnem</span> <span class='ocrx_word' id='word_1_94' title='bbox 744 1103 808 1123; x_wconf 85' lang='lat' dir='ltr'>rem</span> 
     </span>
     <span class='ocr_line' id='line_1_21' title="bbox 301 1132 806 1168; baseline 0.006 -8"><span class='ocrx_word' id='word_1_95' title='bbox 301 1132 415 1168; x_wconf 83' lang='lat' dir='ltr'>ordine,</span> <span class='ocrx_word' id='word_1_96' title='bbox 438 1139 474 1162; x_wconf 88' lang='lat' dir='ltr'>ut</span> <span class='ocrx_word' id='word_1_97' title='bbox 495 1134 611 1163; x_wconf 87' lang='lat' dir='ltr'>factum</span> <span class='ocrx_word' id='word_1_98' title='bbox 635 1134 701 1163; x_wconf 84' lang='lat' dir='ltr'>siet.</span> <span class='ocrx_word' id='word_1_99' title='bbox 726 1133 806 1163; x_wconf 89' lang='lat' dir='ltr'>Eun.</span> 
     </span>
     <span class='ocr_line' id='line_1_22' title="bbox 302 1171 807 1208; baseline 0.004 -9"><span class='ocrx_word' id='word_1_100' title='bbox 302 1180 330 1200; x_wconf 90' lang='lat' dir='ltr'>v.</span> <span class='ocrx_word' id='word_1_101' title='bbox 354 1171 382 1208; x_wconf 87' lang='lat'>4,</span> <span class='ocrx_word' id='word_1_102' title='bbox 402 1171 450 1201; x_wconf 86' lang='lat'>48.</span> <span class='ocrx_word' id='word_1_103' title='bbox 493 1173 537 1202; x_wconf 86' lang='lat' dir='ltr'>Ut</span> <span class='ocrx_word' id='word_1_104' title='bbox 564 1178 646 1202; x_wconf 78' lang='lat' dir='ltr'>recta</span> <span class='ocrx_word' id='word_1_105' title='bbox 670 1173 719 1202; x_wconf 86' lang='lat' dir='ltr'>via.</span> <span class='ocrx_word' id='word_1_106' title='bbox 742 1182 807 1202; x_wconf 88' lang='lat' dir='ltr'>rem</span> 
     </span>
     <span class='ocr_line' id='line_1_23' title="bbox 300 1211 805 1241; baseline 0.004 -3"><span class='ocrx_word' id='word_1_107' title='bbox 300 1215 402 1239; x_wconf 81' lang='lat' dir='ltr'>narret</span> <span class='ocrx_word' id='word_1_108' title='bbox 415 1212 520 1241; x_wconf 79' lang='lat' dir='ltr'><em>ordine</em></span> <span class='ocrx_word' id='word_1_109' title='bbox 534 1221 666 1241; x_wconf 88' lang='lat' dir='ltr'>omnem.</span> <span class='ocrx_word' id='word_1_110' title='bbox 691 1211 805 1241; x_wconf 82' lang='lat' dir='ltr'>Heaut.</span> 
     </span>
     <span class='ocr_line' id='line_1_24' title="bbox 302 1249 807 1289; baseline 0.006 -12"><span class='ocrx_word' id='word_1_111' title='bbox 302 1249 341 1278; x_wconf 86' lang='lat' dir='ltr'>iv.</span> <span class='ocrx_word' id='word_1_112' title='bbox 354 1249 382 1286; x_wconf 90' lang='lat'>3,</span> <span class='ocrx_word' id='word_1_113' title='bbox 392 1249 440 1280; x_wconf 84' lang='lat'>28.</span> <span class='ocrx_word' id='word_1_114' title='bbox 477 1251 546 1287; x_wconf 80' lang='lat' dir='ltr'>Quo</span> <span class='ocrx_word' id='word_1_115' title='bbox 557 1255 643 1289; x_wconf 80' lang='lat' dir='ltr'>paeto</span> <span class='ocrx_word' id='word_1_116' title='bbox 657 1256 710 1280; x_wconf 81' lang='lat' dir='ltr'>aut</span> <span class='ocrx_word' id='word_1_117' title='bbox 725 1251 807 1280; x_wconf 89' lang='lat' dir='ltr'>unde</span> 
     </span>
     <span class='ocr_line' id='line_1_25' title="bbox 302 1287 805 1320; baseline 0.006 -4"><span class='ocrx_word' id='word_1_118' title='bbox 302 1287 379 1317; x_wconf 88' lang='lat' dir='ltr'>mihi</span> <span class='ocrx_word' id='word_1_119' title='bbox 398 1290 439 1319; x_wconf 87' lang='lat' dir='ltr'>sit</span> <span class='ocrx_word' id='word_1_120' title='bbox 458 1290 622 1319; x_wconf 84' lang='lat' dir='ltr'>dicendum</span> <span class='ocrx_word' id='word_1_121' title='bbox 634 1290 739 1319; x_wconf 83' lang='lat' dir='ltr'><em>ordine</em></span> <span class='ocrx_word' id='word_1_122' title='bbox 751 1294 805 1320; x_wconf 87' lang='lat' dir='ltr'>est.</span> 
     </span>
     <span class='ocr_line' id='line_1_26' title="bbox 302 1326 593 1365; baseline 0.007 -9"><span class='ocrx_word' id='word_1_123' title='bbox 302 1326 428 1358; x_wconf 85' lang='lat' dir='ltr'>Phorm.</span> <span class='ocrx_word' id='word_1_124' title='bbox 445 1329 484 1358; x_wconf 91' lang='lat' dir='ltr'>iv.</span> <span class='ocrx_word' id='word_1_125' title='bbox 504 1329 531 1365; x_wconf 90' lang='lat' dir='ltr'>l,</span> <span class='ocrx_word' id='word_1_126' title='bbox 549 1328 593 1358; x_wconf 84' lang='lat'>14.</span> 
     </span>
     <span class='ocr_line' id='line_1_27' title="bbox 300 1368 808 1444; baseline 0.008 -9"><span class='ocrx_word' id='word_1_127' title='bbox 300 1368 608 1437; x_wconf 44' lang='lat'>..33223322352&#39;3</span> <span class='ocrx_word' id='word_1_128' title='bbox 621 1378 721 1437; x_wconf 44' lang='lat'>¹133&amp;</span> <span class='ocrx_word' id='word_1_129' title='bbox 724 1369 808 1444; x_wconf 58' lang='lat'>{35¹3}</span> 
     </span>
     <span class='ocr_line' id='line_1_28' title="bbox 299 1444 807 1476; baseline 0.004 -3"><span class='ocrx_word' id='word_1_130' title='bbox 299 1444 327 1474; x_wconf 92' lang='lat'>9.</span> <span class='ocrx_word' id='word_1_131' title='bbox 352 1444 452 1475; x_wconf 86' lang='lat' dir='ltr'>Viden</span> <span class='ocrx_word' id='word_1_132' title='bbox 467 1456 516 1475; x_wconf 87' lang='lat' dir='ltr'>me</span> <span class='ocrx_word' id='word_1_133' title='bbox 531 1456 571 1476; x_wconf 87' lang='lat' dir='ltr'>ex</span> <span class='ocrx_word' id='word_1_134' title='bbox 586 1447 694 1476; x_wconf 89' lang='lat' dir='ltr'>eodem</span> <span class='ocrx_word' id='word_1_135' title='bbox 707 1450 807 1475; x_wconf 78' lang='lat' dir='ltr'>ortum</span> 
     </span>
     <span class='ocr_line' id='line_1_29' title="bbox 299 1482 808 1522; baseline 0.004 -10"><span class='ocrx_word' id='word_1_136' title='bbox 299 1482 391 1513; x_wconf 75' lang='lat' dir='ltr'>loco?</span> <span class='ocrx_word' id='word_1_137' title='bbox 412 1485 492 1514; x_wconf 87' lang='lat' dir='ltr'>Eun.</span> <span class='ocrx_word' id='word_1_138' title='bbox 509 1486 540 1515; x_wconf 90' lang='lat' dir='ltr'>ii.</span> <span class='ocrx_word' id='word_1_139' title='bbox 561 1485 590 1522; x_wconf 90' lang='lat'>2,</span> <span class='ocrx_word' id='word_1_140' title='bbox 607 1485 653 1515; x_wconf 93' lang='grc'>10.</span> <span class='ocrx_word' id='word_1_141' title='bbox 697 1485 768 1515; x_wconf 88' lang='lat' dir='ltr'>Tibi</span> <span class='ocrx_word' id='word_1_142' title='bbox 790 1496 808 1515; x_wconf 82' lang='lat' dir='ltr'>a</span> 
     </span>
     <span class='ocr_line' id='line_1_30' title="bbox 298 1524 806 1564; baseline 0.002 -12"><span class='ocrx_word' id='word_1_143' title='bbox 298 1532 349 1552; x_wconf 90' lang='lat' dir='ltr'>me</span> <span class='ocrx_word' id='word_1_144' title='bbox 382 1524 471 1554; x_wconf 78' lang='lat' dir='ltr'>nulla</span> <span class='ocrx_word' id='word_1_145' title='bbox 505 1528 573 1554; x_wconf 82' lang='lat' dir='ltr'>orta</span> <span class='ocrx_word' id='word_1_146' title='bbox 602 1531 646 1555; x_wconf 80' lang='lat' dir='ltr'>est</span> <span class='ocrx_word' id='word_1_147' title='bbox 681 1525 806 1564; x_wconf 81' lang='lat' dir='ltr'>injuria.</span> 
     </span>
     <span class='ocr_line' id='line_1_31' title="bbox 299 1562 807 1602; baseline 0.004 -11"><span class='ocrx_word' id='word_1_148' title='bbox 299 1562 431 1602; x_wconf 83' lang='lat' dir='ltr'><strong>Adelph.</strong></span> <span class='ocrx_word' id='word_1_149' title='bbox 458 1565 491 1593; x_wconf 90' lang='lat' dir='ltr'>ii.</span> <span class='ocrx_word' id='word_1_150' title='bbox 518 1564 545 1601; x_wconf 93' lang='lat' dir='ltr'>l,</span> <span class='ocrx_word' id='word_1_151' title='bbox 568 1563 615 1594; x_wconf 88' lang='lat'>35.</span> <span class='ocrx_word' id='word_1_152' title='bbox 639 1564 731 1593; x_wconf 86' lang='lat' dir='ltr'>Haud</span> <span class='ocrx_word' id='word_1_153' title='bbox 746 1565 807 1593; x_wconf 85' lang='lat' dir='ltr'>cito</span> 
     </span>
     <span class='ocr_line' id='line_1_32' title="bbox 298 1601 807 1642; baseline 0.004 -12"><span class='ocrx_word' id='word_1_154' title='bbox 298 1601 373 1631; x_wconf 86' lang='lat' dir='ltr'>mali</span> <span class='ocrx_word' id='word_1_155' title='bbox 402 1603 476 1642; x_wconf 90' lang='lat' dir='ltr'>quid</span> <span class='ocrx_word' id='word_1_156' title='bbox 497 1607 595 1633; x_wconf 83' lang='lat' dir='ltr'>ortum</span> <span class='ocrx_word' id='word_1_157' title='bbox 623 1613 661 1632; x_wconf 86' lang='lat' dir='ltr'>ex</span> <span class='ocrx_word' id='word_1_158' title='bbox 686 1603 743 1632; x_wconf 92' lang='lat' dir='ltr'>hoc</span> <span class='ocrx_word' id='word_1_159' title='bbox 767 1604 807 1632; x_wconf 83' lang='lat' dir='ltr'>sit</span> 
     </span>
    </p>

    <p class='ocr_par' dir='ltr' id='par_1_6' title="bbox 295 1641 807 2071">
     <span class='ocr_line' id='line_1_33' title="bbox 319 1641 805 1682; baseline 0.004 -12"><span class='ocrx_word' id='word_1_160' title='bbox 319 1641 428 1672; x_wconf 89' lang='lat' dir='ltr'>ublice.</span> <span class='ocrx_word' id='word_1_161' title='bbox 466 1642 599 1682; x_wconf 81' lang='lat' dir='ltr'>Adelph.</span> <span class='ocrx_word' id='word_1_162' title='bbox 627 1643 671 1672; x_wconf 88' lang='lat' dir='ltr'>iii.</span> <span class='ocrx_word' id='word_1_163' title='bbox 701 1642 730 1678; x_wconf 89' lang='lat'>3,</span> <span class='ocrx_word' id='word_1_164' title='bbox 759 1642 805 1672; x_wconf 83' lang='lat'>89.</span> 
     </span>
     <span class='ocr_line' id='line_1_34' title="bbox 312 1680 807 1712; baseline 0.006 -3"><span class='ocrx_word' id='word_1_165' title='bbox 312 1680 348 1710; x_wconf 68' lang='lat' dir='ltr'>lx</span> <span class='ocrx_word' id='word_1_166' title='bbox 369 1680 445 1710; x_wconf 90' lang='lat' dir='ltr'>illan</span> <span class='ocrx_word' id='word_1_167' title='bbox 468 1682 585 1712; x_wconf 82' lang='lat' dir='ltr'>familia</span> <span class='ocrx_word' id='word_1_168' title='bbox 616 1687 679 1711; x_wconf 85' lang='lat' dir='ltr'>tam</span> <span class='ocrx_word' id='word_1_169' title='bbox 706 1681 807 1712; x_wconf 86' lang='lat' dir='ltr'>illibe-</span> 
     </span>
     <span class='ocr_line' id='line_1_35' title="bbox 297 1720 806 1751; baseline 0.002 -2"><span class='ocrx_word' id='word_1_170' title='bbox 297 1721 360 1751; x_wconf 83' lang='lat' dir='ltr'>rale</span> <span class='ocrx_word' id='word_1_171' title='bbox 368 1720 485 1750; x_wconf 86' lang='lat' dir='ltr'>facinus</span> <span class='ocrx_word' id='word_1_172' title='bbox 494 1731 557 1751; x_wconf 78' lang='lat' dir='ltr'>esse</span> <span class='ocrx_word' id='word_1_173' title='bbox 567 1724 665 1750; x_wconf 79' lang='lat' dir='ltr'>ortum</span> <span class='ocrx_word' id='word_1_174' title='bbox 677 1721 690 1751; x_wconf 76' lang='grc'>,7</span> <span class='ocrx_word' id='word_1_175' title='bbox 712 1721 806 1751; x_wconf 89' lang='lat' dir='ltr'>Adel-</span> 
     </span>
     <span class='ocr_line' id='line_1_36' title="bbox 297 1760 806 1799; baseline 0.002 -10"><span class='ocrx_word' id='word_1_176' title='bbox 297 1760 350 1798; x_wconf 89' lang='lat' dir='ltr'>phi</span> <span class='ocrx_word' id='word_1_177' title='bbox 366 1760 408 1789; x_wconf 87' lang='lat' dir='ltr'>iii.</span> <span class='ocrx_word' id='word_1_178' title='bbox 425 1761 454 1797; x_wconf 85' lang='lat'>4,</span> <span class='ocrx_word' id='word_1_179' title='bbox 471 1760 497 1789; x_wconf 87' lang='lat'>3.</span> <span class='ocrx_word' id='word_1_180' title='bbox 542 1760 631 1796; x_wconf 83' lang='lat' dir='ltr'>Quod</span> <span class='ocrx_word' id='word_1_181' title='bbox 650 1766 806 1799; x_wconf 82' lang='lat' dir='ltr'>peccatum</span> 
     </span>
     <span class='ocr_line' id='line_1_37' title="bbox 296 1799 803 1839; baseline 0.002 -11"><span class='ocrx_word' id='word_1_182' title='bbox 296 1809 315 1828; x_wconf 78' lang='lat' dir='ltr'>a.</span> <span class='ocrx_word' id='word_1_183' title='bbox 349 1799 437 1829; x_wconf 89' lang='lat' dir='ltr'>nobis</span> <span class='ocrx_word' id='word_1_184' title='bbox 468 1803 568 1829; x_wconf 77' lang='lat' dir='ltr'>ortum</span> <span class='ocrx_word' id='word_1_185' title='bbox 600 1804 646 1829; x_wconf 86' lang='lat' dir='ltr'>est</span> <span class='ocrx_word' id='word_1_186' title='bbox 679 1801 803 1839; x_wconf 86' lang='lat' dir='ltr'>corrig0.</span> 
     </span>
     <span class='ocr_line' id='line_1_38' title="bbox 299 1838 804 1877; baseline 0.002 -10"><span class='ocrx_word' id='word_1_187' title='bbox 299 1838 431 1877; x_wconf 88' lang='lat' dir='ltr'>Adelph.</span> <span class='ocrx_word' id='word_1_188' title='bbox 459 1838 499 1869; x_wconf 83' lang='lat' dir='ltr'>iv.</span> <span class='ocrx_word' id='word_1_189' title='bbox 524 1839 553 1875; x_wconf 97' lang='lat'>3,</span> <span class='ocrx_word' id='word_1_190' title='bbox 571 1838 599 1868; x_wconf 94' lang='lat'>2.</span> <span class='ocrx_word' id='word_1_191' title='bbox 643 1839 804 1869; x_wconf 78' lang='lat' dir='ltr'>Immerito</span> 
     </span>
     <span class='ocr_line' id='line_1_39' title="bbox 296 1877 805 1917; baseline 0 -10"><span class='ocrx_word' id='word_1_192' title='bbox 296 1878 454 1917; x_wconf 76' lang='lat' dir='ltr'>aegritudo</span> <span class='ocrx_word' id='word_1_193' title='bbox 468 1877 542 1907; x_wconf 81' lang='lat' dir='ltr'>haec</span> <span class='ocrx_word' id='word_1_194' title='bbox 555 1879 654 1908; x_wconf 72' lang='lat' dir='ltr'>oritur</span> <span class='ocrx_word' id='word_1_195' title='bbox 664 1878 742 1907; x_wconf 90' lang='lat' dir='ltr'>mihi</span> <span class='ocrx_word' id='word_1_196' title='bbox 754 1879 805 1907; x_wconf 83' lang='lat' dir='ltr'>abs</span> 
     </span>
     <span class='ocr_line' id='line_1_40' title="bbox 297 1916 805 1954; baseline 0.002 -8"><span class='ocrx_word' id='word_1_197' title='bbox 297 1921 336 1947; x_wconf 82' lang='lat' dir='ltr'>te.</span> <span class='ocrx_word' id='word_1_198' title='bbox 360 1917 437 1947; x_wconf 87' lang='lat' dir='ltr'>Hec.</span> <span class='ocrx_word' id='word_1_199' title='bbox 460 1917 491 1946; x_wconf 90' lang='lat' dir='ltr'>ii.</span> <span class='ocrx_word' id='word_1_200' title='bbox 519 1916 546 1954; x_wconf 96' lang='lat' dir='ltr'>l,</span> <span class='ocrx_word' id='word_1_201' title='bbox 565 1916 613 1947; x_wconf 85' lang='lat'>26.</span> <span class='ocrx_word' id='word_1_202' title='bbox 657 1917 745 1947; x_wconf 83' lang='lat' dir='ltr'>Nova</span> <span class='ocrx_word' id='word_1_203' title='bbox 758 1927 805 1947; x_wconf 86' lang='lat' dir='ltr'>res</span> 
     </span>
     <span class='ocr_line' id='line_1_41' title="bbox 295 1955 804 1993; baseline 0 -8"><span class='ocrx_word' id='word_1_204' title='bbox 295 1960 364 1986; x_wconf 87' lang='lat' dir='ltr'>orta</span> <span class='ocrx_word' id='word_1_205' title='bbox 378 1961 432 1986; x_wconf 84' lang='lat' dir='ltr'>est.</span> <span class='ocrx_word' id='word_1_206' title='bbox 455 1956 532 1986; x_wconf 85' lang='lat' dir='ltr'>Hec.</span> <span class='ocrx_word' id='word_1_207' title='bbox 544 1957 590 1986; x_wconf 89' lang='lat' dir='ltr'>iii.</span> <span class='ocrx_word' id='word_1_208' title='bbox 605 1955 631 1993; x_wconf 94' lang='lat' dir='ltr'>l,</span> <span class='ocrx_word' id='word_1_209' title='bbox 645 1955 690 1986; x_wconf 88' lang='lat'>18.</span> <span class='ocrx_word' id='word_1_210' title='bbox 714 1957 804 1986; x_wconf 82' lang='lat' dir='ltr'>Unde</span> 
     </span>
     <span class='ocr_line' id='line_1_42' title="bbox 295 1996 801 2064; baseline 0.004 -40"><span class='ocrx_word' id='word_1_211' title='bbox 295 1998 395 2064; x_wconf 69' lang='lat' dir='ltr'>ortu2m</span> <span class='ocrx_word' id='word_1_212' title='bbox 404 2000 462 2063; x_wconf 39' lang='lat' dir='ltr'>1⁸6ss</span> <span class='ocrx_word' id='word_1_213' title='bbox 483 1996 607 2025; x_wconf 81' lang='lat' dir='ltr'>initium</span> <span class='ocrx_word' id='word_1_214' title='bbox 633 1997 703 2025; x_wconf 76' lang='lat' dir='ltr'>irae.</span> <span class='ocrx_word' id='word_1_215' title='bbox 726 1996 801 2026; x_wconf 85' lang='lat' dir='ltr'>Hec.</span> 
     </span>
     <span class='ocr_line' id='line_1_43' title="bbox 296 2043 448 2071; baseline 0 -8"><span class='ocrx_word' id='word_1_216' title='bbox 296 2043 340 2065; x_wconf 82' lang='lat'>111.</span> <span class='ocrx_word' id='word_1_217' title='bbox 378 2059 385 2071; x_wconf 95' lang='lat'>,</span> <span class='ocrx_word' id='word_1_218' title='bbox 442 2056 448 2063; x_wconf 94' lang='lat'>.</span> 
     </span>
    </p>

    <p class='ocr_par' dir='ltr' id='par_1_7' title="bbox 295 2073 803 2188">
     <span class='ocr_line' id='line_1_44' title="bbox 334 2073 803 2112; baseline 0 -9"><span class='ocrx_word' id='word_1_219' title='bbox 334 2074 557 2112; x_wconf 77' lang='lat' dir='ltr'>ornamentum]</span> <span class='ocrx_word' id='word_1_220' title='bbox 587 2073 687 2104; x_wconf 79' lang='lat' dir='ltr'>Hasce</span> <span class='ocrx_word' id='word_1_221' title='bbox 713 2083 803 2103; x_wconf 73' lang='lat' dir='ltr'>orna-</span> 
     </span>
     <span class='ocr_line' id='line_1_45' title="bbox 295 2112 800 2151; baseline 0.004 -10"><span class='ocrx_word' id='word_1_222' title='bbox 295 2114 400 2142; x_wconf 82' lang='lat' dir='ltr'>mentis</span> <span class='ocrx_word' id='word_1_223' title='bbox 426 2117 654 2151; x_wconf 79' lang='lat' dir='ltr'>consequentur</span> <span class='ocrx_word' id='word_1_224' title='bbox 680 2112 800 2143; x_wconf 79' lang='lat' dir='ltr'><strong>alterae.</strong></span> 
     </span>
     <span class='ocr_line' id='line_1_46' title="bbox 296 2151 554 2188; baseline 0.004 -8"><span class='ocrx_word' id='word_1_225' title='bbox 296 2151 411 2181; x_wconf 85' lang='lat' dir='ltr'>Heaut.</span> <span class='ocrx_word' id='word_1_226' title='bbox 427 2153 466 2181; x_wconf 85' lang='lat' dir='ltr'>iv.</span> <span class='ocrx_word' id='word_1_227' title='bbox 483 2152 511 2188; x_wconf 87' lang='grc'>7,</span> <span class='ocrx_word' id='word_1_228' title='bbox 527 2151 554 2181; x_wconf 90' lang='grc'>9.</span> 
     </span>
    </p>

    <p class='ocr_par' dir='ltr' id='par_1_8' title="bbox 269 2190 803 2229">
     <span class='ocr_line' id='line_1_47' title="bbox 269 2190 803 2229; baseline 0.002 -10"><span class='ocrx_word' id='word_1_229' title='bbox 269 2223 271 2225; x_wconf 36' lang='grc'>,</span> <span class='ocrx_word' id='word_1_230' title='bbox 334 2190 470 2229; x_wconf 82' lang='lat' dir='ltr'>ornatus]</span> <span class='ocrx_word' id='word_1_231' title='bbox 503 2191 566 2226; x_wconf 81' lang='lat' dir='ltr'>Qui</span> <span class='ocrx_word' id='word_1_232' title='bbox 595 2190 647 2220; x_wconf 90' lang='lat' dir='ltr'>hic</span> <span class='ocrx_word' id='word_1_233' title='bbox 679 2194 803 2220; x_wconf 80' lang='lat' dir='ltr'>ornatus</span> 
     </span>
    </p>

    <p class='ocr_par' dir='ltr' id='par_1_9' title="bbox 293 2229 802 2453">
     <span class='ocr_line' id='line_1_48' title="bbox 295 2229 801 2264; baseline 0 -6"><span class='ocrx_word' id='word_1_234' title='bbox 295 2230 367 2258; x_wconf 78' lang='lat' dir='ltr'>est?</span> <span class='ocrx_word' id='word_1_235' title='bbox 401 2229 480 2258; x_wconf 90' lang='lat' dir='ltr'>Eun.</span> <span class='ocrx_word' id='word_1_236' title='bbox 509 2230 557 2258; x_wconf 88' lang='lat' dir='ltr'>iii.</span> <span class='ocrx_word' id='word_1_237' title='bbox 584 2230 614 2264; x_wconf 97' lang='lat'>4,</span> <span class='ocrx_word' id='word_1_238' title='bbox 641 2229 668 2259; x_wconf 87' lang='lat'>8.</span> <span class='ocrx_word' id='word_1_239' title='bbox 712 2229 801 2258; x_wconf 91' lang='lat' dir='ltr'>Nihil</span> 
     </span>
     <span class='ocr_line' id='line_1_49' title="bbox 294 2267 799 2303; baseline 0.002 -7"><span class='ocrx_word' id='word_1_240' title='bbox 294 2268 405 2303; x_wconf 81' lang='lat' dir='ltr'>ornati,</span> <span class='ocrx_word' id='word_1_241' title='bbox 418 2267 496 2296; x_wconf 85' lang='lat' dir='ltr'>nihil</span> <span class='ocrx_word' id='word_1_242' title='bbox 512 2267 650 2297; x_wconf 84' lang='lat' dir='ltr'>tumulti.</span> <span class='ocrx_word' id='word_1_243' title='bbox 674 2268 755 2297; x_wconf 90' lang='lat' dir='ltr'>And.</span> <span class='ocrx_word' id='word_1_244' title='bbox 769 2269 799 2297; x_wconf 92' lang='lat' dir='ltr'>ii.</span> 
     </span>
     <span class='ocr_line' id='line_1_50' title="bbox 293 2305 802 2342; baseline 0 -7"><span class='ocrx_word' id='word_1_245' title='bbox 293 2305 323 2342; x_wconf 90' lang='grc'>2,</span> <span class='ocrx_word' id='word_1_246' title='bbox 338 2305 386 2335; x_wconf 88' lang='grc'>28.</span> <span class='ocrx_word' id='word_1_247' title='bbox 430 2306 512 2342; x_wconf 82' lang='lat' dir='ltr'>Quid</span> <span class='ocrx_word' id='word_1_248' title='bbox 526 2306 605 2335; x_wconf 87' lang='lat' dir='ltr'>istuc</span> <span class='ocrx_word' id='word_1_249' title='bbox 619 2307 721 2335; x_wconf 77' lang='lat' dir='ltr'>ornati</span> <span class='ocrx_word' id='word_1_250' title='bbox 733 2313 778 2336; x_wconf 87' lang='lat' dir='ltr'>est</span> <span class='ocrx_word' id='word_1_251' title='bbox 788 2308 802 2335; x_wconf 76' lang='lat' dir='ltr'><em>P</em></span> 
     </span>
     <span class='ocr_line' id='line_1_51' title="bbox 295 2344 801 2381; baseline 0 -7"><span class='ocrx_word' id='word_1_252' title='bbox 295 2344 375 2374; x_wconf 88' lang='lat' dir='ltr'>Eun.</span> <span class='ocrx_word' id='word_1_253' title='bbox 392 2345 424 2374; x_wconf 91' lang='lat' dir='ltr'>ii.</span> <span class='ocrx_word' id='word_1_254' title='bbox 440 2344 469 2381; x_wconf 90' lang='grc'>2,</span> <span class='ocrx_word' id='word_1_255' title='bbox 484 2344 511 2374; x_wconf 90' lang='grc'>6.</span> <span class='ocrx_word' id='word_1_256' title='bbox 555 2345 665 2374; x_wconf 74' lang='lat' dir='ltr'>Orator</span> <span class='ocrx_word' id='word_1_257' title='bbox 688 2346 725 2374; x_wconf 81' lang='lat' dir='ltr'>ad</span> <span class='ocrx_word' id='word_1_258' title='bbox 748 2355 801 2374; x_wconf 85' lang='lat' dir='ltr'>vos</span> 
     </span>
     <span class='ocr_line' id='line_1_52' title="bbox 293 2383 799 2422; baseline 0.002 -9"><span class='ocrx_word' id='word_1_259' title='bbox 293 2385 393 2420; x_wconf 87' lang='lat' dir='ltr'>venio,</span> <span class='ocrx_word' id='word_1_260' title='bbox 420 2386 528 2413; x_wconf 79' lang='lat' dir='ltr'>ornatu</span> <span class='ocrx_word' id='word_1_261' title='bbox 561 2383 686 2422; x_wconf 84' lang='lat' dir='ltr'>prologi.</span> <span class='ocrx_word' id='word_1_262' title='bbox 722 2383 799 2414; x_wconf 86' lang='lat' dir='ltr'>Hec.</span> 
     </span>
     <span class='ocr_line' id='line_1_53' title="bbox 295 2421 504 2453; baseline -0.005 -1"><span class='ocrx_word' id='word_1_263' title='bbox 295 2422 360 2453; x_wconf 84' lang='lat' dir='ltr'>Alt.</span> <span class='ocrx_word' id='word_1_264' title='bbox 377 2421 459 2452; x_wconf 91' lang='lat' dir='ltr'>Prol.</span> <span class='ocrx_word' id='word_1_265' title='bbox 478 2421 504 2452; x_wconf 94' lang='lat' dir='ltr'>l.</span> 
     </span>
    </p>

    <p class='ocr_par' dir='ltr' id='par_1_10' title="bbox 290 2461 801 2849">
     <span class='ocr_line' id='line_1_54' title="bbox 333 2461 799 2501; baseline -0.002 -10"><span class='ocrx_word' id='word_1_266' title='bbox 333 2462 419 2501; x_wconf 82' lang='lat' dir='ltr'>orno]</span> <span class='ocrx_word' id='word_1_267' title='bbox 450 2461 566 2491; x_wconf 83' lang='lat' dir='ltr'>Munus</span> <span class='ocrx_word' id='word_1_268' title='bbox 588 2465 728 2491; x_wconf 81' lang='lat' dir='ltr'>nostrum</span> <span class='ocrx_word' id='word_1_269' title='bbox 751 2471 799 2491; x_wconf 88' lang='grc' dir='ltr'>ον-</span> 
     </span>
     <span class='ocr_line' id='line_1_55' title="bbox 293 2499 801 2534; baseline -0.002 -4"><span class='ocrx_word' id='word_1_270' title='bbox 293 2504 364 2531; x_wconf 86' lang='lat' dir='ltr'>nato</span> <span class='ocrx_word' id='word_1_271' title='bbox 379 2501 487 2531; x_wconf 88' lang='lat' dir='ltr'>verbis.</span> <span class='ocrx_word' id='word_1_272' title='bbox 511 2500 592 2531; x_wconf 87' lang='lat' dir='ltr'>Eun.</span> <span class='ocrx_word' id='word_1_273' title='bbox 609 2501 639 2530; x_wconf 85' lang='lat' dir='ltr'>ii.</span> <span class='ocrx_word' id='word_1_274' title='bbox 654 2499 680 2534; x_wconf 92' lang='lat' dir='ltr'>l,</span> <span class='ocrx_word' id='word_1_275' title='bbox 691 2500 718 2530; x_wconf 85' lang='lat'>8.</span> <span class='ocrx_word' id='word_1_276' title='bbox 753 2500 801 2530; x_wconf 84' lang='lat' dir='ltr'>Ita</span> 
     </span>
     <span class='ocr_line' id='line_1_56' title="bbox 290 2539 797 2579; baseline -0.004 -9"><span class='ocrx_word' id='word_1_277' title='bbox 290 2540 357 2579; x_wconf 74' lang='lat' dir='ltr'>jam</span> <span class='ocrx_word' id='word_1_278' title='bbox 380 2543 508 2570; x_wconf 82' lang='lat' dir='ltr'>ornarat</span> <span class='ocrx_word' id='word_1_279' title='bbox 524 2539 637 2578; x_wconf 78' lang='lat' dir='ltr'>fugam.</span> <span class='ocrx_word' id='word_1_280' title='bbox 661 2539 742 2569; x_wconf 88' lang='lat' dir='ltr'>Eun.</span> <span class='ocrx_word' id='word_1_281' title='bbox 758 2540 797 2569; x_wconf 86' lang='lat' dir='ltr'>iv.</span> 
     </span>
     <span class='ocr_line' id='line_1_57' title="bbox 293 2578 800 2617; baseline -0.002 -9"><span class='ocrx_word' id='word_1_282' title='bbox 293 2579 322 2615; x_wconf 88' lang='lat'>4,</span> <span class='ocrx_word' id='word_1_283' title='bbox 337 2579 365 2610; x_wconf 89' lang='grc'>6.</span> <span class='ocrx_word' id='word_1_284' title='bbox 409 2578 560 2610; x_wconf 69' lang='lat' dir='ltr'>Ornatam</span> <span class='ocrx_word' id='word_1_285' title='bbox 583 2579 625 2608; x_wconf 80' lang='lat' dir='ltr'>ita</span> <span class='ocrx_word' id='word_1_286' title='bbox 648 2579 696 2608; x_wconf 81' lang='lat' dir='ltr'>uti</span> <span class='ocrx_word' id='word_1_287' title='bbox 723 2587 800 2617; x_wconf 85' lang='lat' dir='ltr'>quae</span> 
     </span>
     <span class='ocr_line' id='line_1_58' title="bbox 292 2616 798 2653; baseline -0.002 -6"><span class='ocrx_word' id='word_1_288' title='bbox 292 2621 441 2647; x_wconf 78' lang='lat' dir='ltr'>ornantur</span> <span class='ocrx_word' id='word_1_289' title='bbox 450 2618 517 2647; x_wconf 82' lang='lat' dir='ltr'>sibi.</span> <span class='ocrx_word' id='word_1_290' title='bbox 541 2617 655 2647; x_wconf 81' lang='lat' dir='ltr'>Heaut.</span> <span class='ocrx_word' id='word_1_291' title='bbox 667 2618 699 2646; x_wconf 88' lang='lat' dir='ltr'>ii.</span> <span class='ocrx_word' id='word_1_292' title='bbox 713 2616 742 2653; x_wconf 97' lang='lat'>3,</span> <span class='ocrx_word' id='word_1_293' title='bbox 751 2617 798 2649; x_wconf 92' lang='lat'>47.</span> 
     </span>
     <span class='ocr_line' id='line_1_59' title="bbox 294 2657 799 2687; baseline -0.002 -1"><span class='ocrx_word' id='word_1_294' title='bbox 294 2657 429 2687; x_wconf 80' lang='lat' dir='ltr'>Ornatus</span> <span class='ocrx_word' id='word_1_295' title='bbox 442 2667 521 2686; x_wconf 87' lang='lat' dir='ltr'>esses</span> <span class='ocrx_word' id='word_1_296' title='bbox 541 2667 580 2686; x_wconf 85' lang='lat' dir='ltr'>ex</span> <span class='ocrx_word' id='word_1_297' title='bbox 595 2657 656 2686; x_wconf 85' lang='lat' dir='ltr'>tuis</span> <span class='ocrx_word' id='word_1_298' title='bbox 678 2657 799 2686; x_wconf 85' lang='lat' dir='ltr'>virtuti-</span> 
     </span>
     <span class='ocr_line' id='line_1_60' title="bbox 292 2694 799 2733; baseline -0.002 -8"><span class='ocrx_word' id='word_1_299' title='bbox 292 2696 357 2725; x_wconf 89' lang='lat' dir='ltr'>bus.</span> <span class='ocrx_word' id='word_1_300' title='bbox 382 2695 462 2726; x_wconf 89' lang='lat' dir='ltr'>Adel</span> <span class='ocrx_word' id='word_1_301' title='bbox 484 2695 514 2725; x_wconf 84' lang='lat' dir='ltr'>h.</span> <span class='ocrx_word' id='word_1_302' title='bbox 538 2696 569 2725; x_wconf 88' lang='lat' dir='ltr'>ii.</span> <span class='ocrx_word' id='word_1_303' title='bbox 594 2695 620 2733; x_wconf 89' lang='lat' dir='ltr'>l,</span> <span class='ocrx_word' id='word_1_304' title='bbox 641 2694 689 2725; x_wconf 88' lang='lat'>22.</span> <span class='ocrx_word' id='word_1_305' title='bbox 732 2695 799 2724; x_wconf 88' lang='lat' dir='ltr'>Ho—</span> 
     </span>
     <span class='ocr_line' id='line_1_61' title="bbox 291 2734 797 2764; baseline 0 0"><span class='ocrx_word' id='word_1_306' title='bbox 291 2736 415 2764; x_wconf 84' lang='lat' dir='ltr'>minum</span> <span class='ocrx_word' id='word_1_307' title='bbox 486 2745 555 2764; x_wconf 91' lang='lat' dir='ltr'>omo</span> <span class='ocrx_word' id='word_1_308' title='bbox 603 2734 797 2764; x_wconf 76' lang='lat' dir='ltr'>ornatissime.</span> 
     </span>
     <span class='ocr_line' id='line_1_62' title="bbox 292 2773 796 2811; baseline 0 -8"><span class='ocrx_word' id='word_1_309' title='bbox 292 2773 418 2803; x_wconf 85' lang='lat' dir='ltr'>Phorm.</span> <span class='ocrx_word' id='word_1_310' title='bbox 442 2784 470 2804; x_wconf 85' lang='lat' dir='ltr'>v.</span> <span class='ocrx_word' id='word_1_311' title='bbox 493 2773 585 2811; x_wconf 84' lang='grc'>6,13.</span> <span class='ocrx_word' id='word_1_312' title='bbox 629 2773 715 2804; x_wconf 81' lang='lat' dir='ltr'>Orna</span> <span class='ocrx_word' id='word_1_313' title='bbox 738 2783 796 2804; x_wconf 91' lang='lat' dir='ltr'>me.</span> 
     </span>
     <span class='ocr_line' id='line_1_63' title="bbox 292 2812 529 2849; baseline 0 -7"><span class='ocrx_word' id='word_1_314' title='bbox 292 2812 373 2842; x_wconf 88' lang='lat' dir='ltr'>Eun.</span> <span class='ocrx_word' id='word_1_315' title='bbox 390 2813 422 2842; x_wconf 89' lang='lat' dir='ltr'>ii.</span> <span class='ocrx_word' id='word_1_316' title='bbox 438 2812 467 2849; x_wconf 88' lang='lat'>3,</span> <span class='ocrx_word' id='word_1_317' title='bbox 481 2812 529 2843; x_wconf 87' lang='lat'>85.</span> 
     </span>
    </p>

    <p class='ocr_par' dir='ltr' id='par_1_11' title="bbox 290 2851 798 3046">
     <span class='ocr_line' id='line_1_64' title="bbox 329 2851 798 2892; baseline -0.002 -11"><span class='ocrx_word' id='word_1_318' title='bbox 329 2851 396 2890; x_wconf 84' lang='lat' dir='ltr'>oro]</span> <span class='ocrx_word' id='word_1_319' title='bbox 418 2851 556 2888; x_wconf 82' lang='lat' dir='ltr'>Postulo,</span> <span class='ocrx_word' id='word_1_320' title='bbox 581 2853 645 2881; x_wconf 86' lang='lat' dir='ltr'>sive</span> <span class='ocrx_word' id='word_1_321' title='bbox 666 2860 798 2892; x_wconf 70' lang='lat' dir='ltr'>nequum</span> 
     </span>
     <span class='ocr_line' id='line_1_65' title="bbox 291 2889 795 2927; baseline -0.002 -7"><span class='ocrx_word' id='word_1_322' title='bbox 291 2895 347 2927; x_wconf 84' lang='lat' dir='ltr'>est,</span> <span class='ocrx_word' id='word_1_323' title='bbox 372 2895 403 2920; x_wconf 91' lang='lat' dir='ltr'>te</span> <span class='ocrx_word' id='word_1_324' title='bbox 430 2900 492 2920; x_wconf 82' lang='lat' dir='ltr'>oro.</span> <span class='ocrx_word' id='word_1_325' title='bbox 529 2891 612 2920; x_wconf 89' lang='lat' dir='ltr'>And.</span> <span class='ocrx_word' id='word_1_326' title='bbox 642 2891 664 2920; x_wconf 74' lang='lat' dir='ltr'>i:</span> <span class='ocrx_word' id='word_1_327' title='bbox 691 2890 720 2927; x_wconf 88' lang='lat'>2,</span> <span class='ocrx_word' id='word_1_328' title='bbox 751 2889 795 2920; x_wconf 87' lang='lat'>19.</span> 
     </span>
     <span class='ocr_line' id='line_1_66' title="bbox 292 2929 796 2968; baseline 0 -10"><span class='ocrx_word' id='word_1_329' title='bbox 292 2929 384 2966; x_wconf 82' lang='lat' dir='ltr'>Quod</span> <span class='ocrx_word' id='word_1_330' title='bbox 398 2939 453 2968; x_wconf 82' lang='lat' dir='ltr'>ego</span> <span class='ocrx_word' id='word_1_331' title='bbox 466 2934 496 2959; x_wconf 85' lang='lat' dir='ltr'>te</span> <span class='ocrx_word' id='word_1_332' title='bbox 505 2930 643 2968; x_wconf 84' lang='lat' dir='ltr'>perhanc</span> <span class='ocrx_word' id='word_1_333' title='bbox 657 2929 796 2958; x_wconf 77' lang='lat' dir='ltr'>dextram</span> 
     </span>
     <span class='ocr_line' id='line_1_67' title="bbox 290 2967 796 3005; baseline 0 -8"><span class='ocrx_word' id='word_1_334' title='bbox 290 2978 356 2998; x_wconf 89' lang='lat' dir='ltr'>oro.</span> <span class='ocrx_word' id='word_1_335' title='bbox 392 2969 478 2998; x_wconf 87' lang='lat' dir='ltr'>And.</span> <span class='ocrx_word' id='word_1_336' title='bbox 493 2969 514 2998; x_wconf 88' lang='lat' dir='ltr'>i.</span> <span class='ocrx_word' id='word_1_337' title='bbox 530 2968 559 3005; x_wconf 92' lang='grc'>5,</span> <span class='ocrx_word' id='word_1_338' title='bbox 581 2968 628 2998; x_wconf 84' lang='grc'>54.</span> <span class='ocrx_word' id='word_1_339' title='bbox 662 2967 796 3000; x_wconf 77' lang='lat' dir='ltr'>Gnatam</span> 
     </span>
     <span class='ocr_line' id='line_1_68' title="bbox 290 3006 794 3046; baseline 0 -10"><span class='ocrx_word' id='word_1_340' title='bbox 290 3010 327 3036; x_wconf 88' lang='lat' dir='ltr'>ut</span> <span class='ocrx_word' id='word_1_341' title='bbox 350 3007 402 3036; x_wconf 86' lang='lat' dir='ltr'>det</span> <span class='ocrx_word' id='word_1_342' title='bbox 423 3017 488 3044; x_wconf 90' lang='lat' dir='ltr'>oro,</span> <span class='ocrx_word' id='word_1_343' title='bbox 502 3008 616 3046; x_wconf 85' lang='lat' dir='ltr'>vixque</span> <span class='ocrx_word' id='word_1_344' title='bbox 638 3006 670 3036; x_wconf 89' lang='lat' dir='ltr'>id</span> <span class='ocrx_word' id='word_1_345' title='bbox 692 3016 794 3036; x_wconf 85' lang='lat' dir='ltr'>exoro.</span> 
     </span>
    </p>
   </div>
   <div class='ocr_carea' id='block_1_3' title="bbox 291 3043 795 3085">
    <p class='ocr_par' dir='ltr' id='par_1_12' title="bbox 291 3043 795 3085">
     <span class='ocr_line' id='line_1_69' title="bbox 291 3043 795 3085; baseline 0 -9"><span class='ocrx_word' id='word_1_346' title='bbox 291 3045 373 3076; x_wconf 86' lang='lat' dir='ltr'>And.</span> <span class='ocrx_word' id='word_1_347' title='bbox 388 3046 433 3077; x_wconf 87' lang='lat' dir='ltr'>iii.</span> <span class='ocrx_word' id='word_1_348' title='bbox 450 3046 478 3084; x_wconf 92' lang='lat'>4,</span> <span class='ocrx_word' id='word_1_349' title='bbox 502 3043 547 3076; x_wconf 78' lang='lat'>13.</span> <span class='ocrx_word' id='word_1_350' title='bbox 590 3045 711 3077; x_wconf 73' lang='lat' dir='ltr'>orandi</span> <span class='ocrx_word' id='word_1_351' title='bbox 730 3046 795 3085; x_wconf 83' lang='lat' dir='ltr'>jam</span> 
     </span>
    </p>
   </div>
   <div class='ocr_carea' id='block_1_4' title="bbox 1022 270 1221 318">
    <p class='ocr_par' dir='ltr' id='par_1_13' title="bbox 1022 270 1221 318">
     <span class='ocr_line' id='line_1_70' title="bbox 1022 270 1221 318; baseline 0 -2"><span class='ocrx_word' id='word_1_352' title='bbox 1022 270 1221 318; x_wconf 89' lang='lat' dir='ltr'><strong>INDEX</strong></span> 
     </span>
    </p>
   </div>
   <div class='ocr_carea' id='block_1_5' title="bbox 858 386 1372 1837">
    <p class='ocr_par' dir='ltr' id='par_1_14' title="bbox 863 386 1372 858">
     <span class='ocr_line' id='line_1_71' title="bbox 867 386 1372 425; baseline 0 -7"><span class='ocrx_word' id='word_1_353' title='bbox 867 386 961 418; x_wconf 80' lang='lat' dir='ltr'>finem</span> <span class='ocrx_word' id='word_1_354' title='bbox 973 388 1046 418; x_wconf 85' lang='lat' dir='ltr'>face.</span> <span class='ocrx_word' id='word_1_355' title='bbox 1076 388 1158 418; x_wconf 90' lang='lat' dir='ltr'>And.</span> <span class='ocrx_word' id='word_1_356' title='bbox 1170 397 1198 418; x_wconf 85' lang='lat' dir='ltr'>v.</span> <span class='ocrx_word' id='word_1_357' title='bbox 1211 386 1278 425; x_wconf 88' lang='lat'>1,2.</span> <span class='ocrx_word' id='word_1_358' title='bbox 1311 388 1372 418; x_wconf 88' lang='lat' dir='ltr'>Per</span> 
     </span>
     <span class='ocr_line' id='line_1_72' title="bbox 868 427 1371 496; baseline -0.002 0"><span class='ocrx_word' id='word_1_359' title='bbox 868 466 879 495; x_wconf 83' lang='lat'>1</span> <span class='ocrx_word' id='word_1_360' title='bbox 902 438 919 496; x_wconf 66' lang='lat' dir='ltr'>f&#39;</span> <span class='ocrx_word' id='word_1_361' title='bbox 943 427 1371 496; x_wconf 53' lang='lat' dir='ltr'>‘fflffsm‘l&#39;ssmffldarlzlz</span> 
     </span>
     <span class='ocr_line' id='line_1_73' title="bbox 865 505 1371 544; baseline 0.002 -9"><span class='ocrx_word' id='word_1_362' title='bbox 865 515 960 544; x_wconf 85' lang='lat' dir='ltr'>opere.</span> <span class='ocrx_word' id='word_1_363' title='bbox 986 505 1066 535; x_wconf 83' lang='lat' dir='ltr'>Eun.</span> <span class='ocrx_word' id='word_1_364' title='bbox 1082 506 1124 534; x_wconf 87' lang='lat' dir='ltr'>iii.</span> <span class='ocrx_word' id='word_1_365' title='bbox 1141 505 1169 540; x_wconf 90' lang='lat'>3,</span> <span class='ocrx_word' id='word_1_366' title='bbox 1183 505 1231 538; x_wconf 90' lang='grc'>27.</span> <span class='ocrx_word' id='word_1_367' title='bbox 1255 506 1371 536; x_wconf 81' lang='lat' dir='ltr'>Omnes</span> 
     </span>
     <span class='ocr_line' id='line_1_74' title="bbox 865 544 1368 575; baseline 0.004 -2"><span class='ocrx_word' id='word_1_368' title='bbox 865 555 917 574; x_wconf 89' lang='lat' dir='ltr'>vos</span> <span class='ocrx_word' id='word_1_369' title='bbox 931 547 1030 574; x_wconf 82' lang='lat' dir='ltr'>oratos</span> <span class='ocrx_word' id='word_1_370' title='bbox 1043 544 1123 575; x_wconf 87' lang='lat' dir='ltr'>volo.</span> <span class='ocrx_word' id='word_1_371' title='bbox 1157 544 1270 575; x_wconf 82' lang='lat' dir='ltr'>Heaut.</span> <span class='ocrx_word' id='word_1_372' title='bbox 1287 545 1368 575; x_wconf 91' lang='lat' dir='ltr'>Prol.</span> 
     </span>
     <span class='ocr_line' id='line_1_75' title="bbox 863 583 1370 624; baseline 0.002 -11"><span class='ocrx_word' id='word_1_373' title='bbox 863 583 911 614; x_wconf 89' lang='lat'>26.</span> <span class='ocrx_word' id='word_1_374' title='bbox 948 584 1074 613; x_wconf 83' lang='lat' dir='ltr'>Orando</span> <span class='ocrx_word' id='word_1_375' title='bbox 1088 584 1192 613; x_wconf 82' lang='lat' dir='ltr'>surdas</span> <span class='ocrx_word' id='word_1_376' title='bbox 1204 584 1268 624; x_wconf 77' lang='lat' dir='ltr'>jam</span> <span class='ocrx_word' id='word_1_377' title='bbox 1284 594 1370 614; x_wconf 82' lang='lat' dir='ltr'>aures</span> 
     </span>
     <span class='ocr_line' id='line_1_76' title="bbox 864 623 1371 661; baseline 0.002 -9"><span class='ocrx_word' id='word_1_378' title='bbox 864 623 1037 652; x_wconf 81' lang='lat' dir='ltr'>reddideras</span> <span class='ocrx_word' id='word_1_379' title='bbox 1052 623 1136 653; x_wconf 86' lang='lat' dir='ltr'>mihi.</span> <span class='ocrx_word' id='word_1_380' title='bbox 1163 623 1276 653; x_wconf 85' lang='lat' dir='ltr'>Heaut.</span> <span class='ocrx_word' id='word_1_381' title='bbox 1292 624 1324 654; x_wconf 91' lang='lat' dir='ltr'>ii.</span> <span class='ocrx_word' id='word_1_382' title='bbox 1342 624 1371 661; x_wconf 93' lang='lat'>3,</span> 
     </span>
     <span class='ocr_line' id='line_1_77' title="bbox 864 662 1369 701; baseline 0.002 -10"><span class='ocrx_word' id='word_1_383' title='bbox 864 662 911 692; x_wconf 88' lang='lat'>89.</span> <span class='ocrx_word' id='word_1_384' title='bbox 945 662 1040 692; x_wconf 82' lang='lat' dir='ltr'>Venit</span> <span class='ocrx_word' id='word_1_385' title='bbox 1062 662 1143 701; x_wconf 85' lang='lat' dir='ltr'>ipsus</span> <span class='ocrx_word' id='word_1_386' title='bbox 1170 662 1253 692; x_wconf 88' lang='lat' dir='ltr'>ultro</span> <span class='ocrx_word' id='word_1_387' title='bbox 1280 662 1369 693; x_wconf 79' lang='lat' dir='ltr'>lacri-</span> 
     </span>
     <span class='ocr_line' id='line_1_78' title="bbox 864 702 1370 737; baseline 0.002 -7"><span class='ocrx_word' id='word_1_388' title='bbox 864 711 959 737; x_wconf 80' lang='lat' dir='ltr'>mans,</span> <span class='ocrx_word' id='word_1_389' title='bbox 974 711 1074 736; x_wconf 80' lang='lat' dir='ltr'>orans,</span> <span class='ocrx_word' id='word_1_390' title='bbox 1084 702 1250 731; x_wconf 85' lang='lat' dir='ltr'>obsecrans.</span> <span class='ocrx_word' id='word_1_391' title='bbox 1275 702 1370 732; x_wconf 85' lang='lat' dir='ltr'>Adel-</span> 
     </span>
     <span class='ocr_line' id='line_1_79' title="bbox 864 739 1368 781; baseline 0.004 -12"><span class='ocrx_word' id='word_1_392' title='bbox 864 740 914 779; x_wconf 90' lang='lat' dir='ltr'>phi</span> <span class='ocrx_word' id='word_1_393' title='bbox 938 741 980 770; x_wconf 92' lang='lat' dir='ltr'>iii.</span> <span class='ocrx_word' id='word_1_394' title='bbox 1006 742 1035 777; x_wconf 88' lang='lat'>4,</span> <span class='ocrx_word' id='word_1_395' title='bbox 1059 739 1106 770; x_wconf 84' lang='lat'>26.</span> <span class='ocrx_word' id='word_1_396' title='bbox 1151 741 1234 777; x_wconf 82' lang='lat' dir='ltr'>Quid</span> <span class='ocrx_word' id='word_1_397' title='bbox 1249 742 1273 770; x_wconf 85' lang='lat' dir='ltr'>si</span> <span class='ocrx_word' id='word_1_398' title='bbox 1295 743 1368 781; x_wconf 84' lang='lat' dir='ltr'>quid</span> 
     </span>
     <span class='ocr_line' id='line_1_80' title="bbox 865 779 1368 819; baseline 0.006 -11"><span class='ocrx_word' id='word_1_399' title='bbox 865 785 894 808; x_wconf 87' lang='lat' dir='ltr'>te</span> <span class='ocrx_word' id='word_1_400' title='bbox 915 780 1016 819; x_wconf 80' lang='lat' dir='ltr'>majus</span> <span class='ocrx_word' id='word_1_401' title='bbox 1036 779 1122 810; x_wconf 77' lang='lat' dir='ltr'>oret?</span> <span class='ocrx_word' id='word_1_402' title='bbox 1146 780 1278 819; x_wconf 82' lang='lat' dir='ltr'>Adelph.</span> <span class='ocrx_word' id='word_1_403' title='bbox 1294 791 1323 811; x_wconf 81' lang='lat' dir='ltr'>v.</span> <span class='ocrx_word' id='word_1_404' title='bbox 1340 781 1368 818; x_wconf 92' lang='lat'>8,</span> 
     </span>
     <span class='ocr_line' id='line_1_81' title="bbox 866 818 1368 858; baseline 0.002 -10"><span class='ocrx_word' id='word_1_405' title='bbox 866 818 911 848; x_wconf 90' lang='lat'>18.</span> <span class='ocrx_word' id='word_1_406' title='bbox 968 819 1120 855; x_wconf 57' lang='lat' dir='ltr'>Ommwm</span> <span class='ocrx_word' id='word_1_407' title='bbox 1169 829 1368 858; x_wconf 79' lang='lat' dir='ltr'>accusemus3</span> 
     </span>
    </p>

    <p class='ocr_par' dir='ltr' id='par_1_15' title="bbox 897 859 1368 890">
     <span class='ocr_line' id='line_1_82' title="bbox 897 859 1368 890; baseline 0.006 -3"><span class='ocrx_word' id='word_1_408' title='bbox 897 859 982 888; x_wconf 85' lang='lat' dir='ltr'>avius</span> <span class='ocrx_word' id='word_1_409' title='bbox 1015 859 1085 889; x_wconf 89' lang='lat' dir='ltr'>deni</span> <span class='ocrx_word' id='word_1_410' title='bbox 1110 868 1148 889; x_wconf 88' lang='lat' dir='ltr'>ue</span> <span class='ocrx_word' id='word_1_411' title='bbox 1179 859 1368 890; x_wconf 85' lang='lat' dir='ltr'>minitemur.</span> 
     </span>
    </p>

    <p class='ocr_par' dir='ltr' id='par_1_16' title="bbox 862 897 1369 1015">
     <span class='ocr_line' id='line_1_83' title="bbox 898 897 1369 935; baseline 0.002 -8"><span class='ocrx_word' id='word_1_412' title='bbox 898 907 940 927; x_wconf 88' lang='lat' dir='ltr'>ec.</span> <span class='ocrx_word' id='word_1_413' title='bbox 962 899 1001 928; x_wconf 84' lang='lat' dir='ltr'>iv.</span> <span class='ocrx_word' id='word_1_414' title='bbox 1024 899 1053 935; x_wconf 90' lang='lat'>4,</span> <span class='ocrx_word' id='word_1_415' title='bbox 1073 898 1091 927; x_wconf 93' lang='lat'><strong>9</strong></span> <span class='ocrx_word' id='word_1_416' title='bbox 1113 921 1119 928; x_wconf 92' lang='lat'>.</span> <span class='ocrx_word' id='word_1_417' title='bbox 1163 897 1293 928; x_wconf 82' lang='lat' dir='ltr'>Servum</span> <span class='ocrx_word' id='word_1_418' title='bbox 1315 899 1369 928; x_wconf 86' lang='lat' dir='ltr'>ho—</span> 
     </span>
     <span class='ocr_line' id='line_1_84' title="bbox 864 936 1369 976; baseline 0.004 -10"><span class='ocrx_word' id='word_1_419' title='bbox 864 937 978 967; x_wconf 88' lang='lat' dir='ltr'>minem</span> <span class='ocrx_word' id='word_1_420' title='bbox 1012 946 1133 967; x_wconf 83' lang='lat' dir='ltr'>causam</span> <span class='ocrx_word' id='word_1_421' title='bbox 1165 947 1254 967; x_wconf 85' lang='lat' dir='ltr'>orare</span> <span class='ocrx_word' id='word_1_422' title='bbox 1288 936 1369 976; x_wconf 85' lang='lat' dir='ltr'>leges</span> 
     </span>
     <span class='ocr_line' id='line_1_85' title="bbox 862 976 1354 1015; baseline 0 -9"><span class='ocrx_word' id='word_1_423' title='bbox 862 986 924 1006; x_wconf 90' lang='lat' dir='ltr'>non</span> <span class='ocrx_word' id='word_1_424' title='bbox 939 977 1051 1006; x_wconf 80' lang='lat' dir='ltr'>sinunt.</span> <span class='ocrx_word' id='word_1_425' title='bbox 1074 976 1199 1006; x_wconf 88' lang='lat' dir='ltr'>Phorm.</span> <span class='ocrx_word' id='word_1_426' title='bbox 1215 977 1248 1007; x_wconf 87' lang='lat' dir='ltr'>ii.</span> <span class='ocrx_word' id='word_1_427' title='bbox 1266 976 1292 1015; x_wconf 94' lang='lat'>1,</span> <span class='ocrx_word' id='word_1_428' title='bbox 1306 977 1354 1007; x_wconf 87' lang='lat'>62.</span> 
     </span>
    </p>

    <p class='ocr_par' dir='ltr' id='par_1_17' title="bbox 858 1015 1370 1837">
     <span class='ocr_line' id='line_1_86' title="bbox 900 1015 1370 1054; baseline 0.002 -9"><span class='ocrx_word' id='word_1_429' title='bbox 900 1015 944 1054; x_wconf 87' lang='lat' dir='ltr'>os]</span> <span class='ocrx_word' id='word_1_430' title='bbox 968 1015 1038 1045; x_wconf 92' lang='lat' dir='ltr'>Uno</span> <span class='ocrx_word' id='word_1_431' title='bbox 1061 1026 1113 1045; x_wconf 88' lang='lat' dir='ltr'>ore</span> <span class='ocrx_word' id='word_1_432' title='bbox 1134 1026 1240 1046; x_wconf 83' lang='lat' dir='ltr'>omnes</span> <span class='ocrx_word' id='word_1_433' title='bbox 1267 1017 1370 1046; x_wconf 81' lang='lat' dir='ltr'>omnia</span> 
     </span>
     <span class='ocr_line' id='line_1_87' title="bbox 863 1055 1367 1092; baseline 0.002 -8"><span class='ocrx_word' id='word_1_434' title='bbox 863 1055 942 1084; x_wconf 81' lang='lat' dir='ltr'>bona</span> <span class='ocrx_word' id='word_1_435' title='bbox 965 1055 1075 1085; x_wconf 87' lang='lat' dir='ltr'>dicere.</span> <span class='ocrx_word' id='word_1_436' title='bbox 1106 1055 1188 1085; x_wconf 89' lang='lat' dir='ltr'>And.</span> <span class='ocrx_word' id='word_1_437' title='bbox 1218 1056 1237 1085; x_wconf 85' lang='lat' dir='ltr'>i.</span> <span class='ocrx_word' id='word_1_438' title='bbox 1265 1055 1291 1092; x_wconf 94' lang='grc'>1,</span> <span class='ocrx_word' id='word_1_439' title='bbox 1321 1055 1367 1086; x_wconf 92' lang='lat'>69.</span> 
     </span>
     <span class='ocr_line' id='line_1_88' title="bbox 863 1093 1367 1134; baseline 0.004 -11"><span class='ocrx_word' id='word_1_440' title='bbox 863 1093 1013 1133; x_wconf 87' lang='lat' dir='ltr'>Equidem</span> <span class='ocrx_word' id='word_1_441' title='bbox 1029 1096 1107 1124; x_wconf 85' lang='lat' dir='ltr'>istuc</span> <span class='ocrx_word' id='word_1_442' title='bbox 1120 1105 1153 1124; x_wconf 79' lang='lat' dir='ltr'>os</span> <span class='ocrx_word' id='word_1_443' title='bbox 1165 1098 1256 1124; x_wconf 89' lang='lat' dir='ltr'>tuum</span> <span class='ocrx_word' id='word_1_444' title='bbox 1270 1095 1367 1134; x_wconf 87' lang='lat' dir='ltr'>impu-</span> 
     </span>
     <span class='ocr_line' id='line_1_89' title="bbox 861 1133 1365 1164; baseline 0.004 -2"><span class='ocrx_word' id='word_1_445' title='bbox 861 1133 935 1163; x_wconf 88' lang='lat' dir='ltr'>dens</span> <span class='ocrx_word' id='word_1_446' title='bbox 959 1134 1062 1163; x_wconf 83' lang='lat' dir='ltr'>videre</span> <span class='ocrx_word' id='word_1_447' title='bbox 1085 1133 1220 1163; x_wconf 86' lang='lat' dir='ltr'>nimium</span> <span class='ocrx_word' id='word_1_448' title='bbox 1244 1133 1365 1164; x_wconf 82' lang='lat' dir='ltr'>vellem.</span> 
     </span>
     <span class='ocr_line' id='line_1_90' title="bbox 863 1172 1365 1210; baseline 0.002 -8"><span class='ocrx_word' id='word_1_449' title='bbox 863 1172 942 1202; x_wconf 89' lang='lat' dir='ltr'>Eun.</span> <span class='ocrx_word' id='word_1_450' title='bbox 968 1173 1012 1202; x_wconf 92' lang='lat' dir='ltr'>iii.</span> <span class='ocrx_word' id='word_1_451' title='bbox 1037 1173 1066 1209; x_wconf 88' lang='lat'>5,</span> <span class='ocrx_word' id='word_1_452' title='bbox 1087 1172 1135 1202; x_wconf 89' lang='lat'>49.</span> <span class='ocrx_word' id='word_1_453' title='bbox 1179 1172 1263 1202; x_wconf 90' lang='lat' dir='ltr'>Illud</span> <span class='ocrx_word' id='word_1_454' title='bbox 1287 1174 1365 1210; x_wconf 88' lang='lat' dir='ltr'>vide,</span> 
     </span>
     <span class='ocr_line' id='line_1_91' title="bbox 860 1212 1364 1242; baseline 0.002 -1"><span class='ocrx_word' id='word_1_455' title='bbox 860 1222 891 1241; x_wconf 87' lang='lat' dir='ltr'>os</span> <span class='ocrx_word' id='word_1_456' title='bbox 914 1217 950 1241; x_wconf 86' lang='lat' dir='ltr'>ut</span> <span class='ocrx_word' id='word_1_457' title='bbox 972 1212 1030 1241; x_wconf 85' lang='lat' dir='ltr'>sibi</span> <span class='ocrx_word' id='word_1_458' title='bbox 1051 1212 1186 1241; x_wconf 79' lang='lat' dir='ltr'>distorsit</span> <span class='ocrx_word' id='word_1_459' title='bbox 1209 1213 1364 1242; x_wconf 74' lang='lat' dir='ltr'>carnufex.</span> 
     </span>
     <span class='ocr_line' id='line_1_92' title="bbox 862 1250 1364 1287; baseline 0.004 -8"><span class='ocrx_word' id='word_1_460' title='bbox 862 1250 941 1281; x_wconf 86' lang='lat' dir='ltr'>Eun.</span> <span class='ocrx_word' id='word_1_461' title='bbox 971 1251 1011 1280; x_wconf 91' lang='lat' dir='ltr'>iv.</span> <span class='ocrx_word' id='word_1_462' title='bbox 1039 1251 1069 1287; x_wconf 90' lang='grc'>4,</span> <span class='ocrx_word' id='word_1_463' title='bbox 1097 1251 1125 1281; x_wconf 89' lang='lat'>3.</span> <span class='ocrx_word' id='word_1_464' title='bbox 1167 1250 1211 1281; x_wconf 78' lang='lat' dir='ltr'>Os</span> <span class='ocrx_word' id='word_1_465' title='bbox 1243 1252 1364 1282; x_wconf 88' lang='lat' dir='ltr'>durum.</span> 
     </span>
     <span class='ocr_line' id='line_1_93' title="bbox 861 1288 1366 1326; baseline 0.004 -8"><span class='ocrx_word' id='word_1_466' title='bbox 861 1288 942 1319; x_wconf 88' lang='lat' dir='ltr'>Eun.</span> <span class='ocrx_word' id='word_1_467' title='bbox 958 1290 998 1319; x_wconf 82' lang='lat' dir='ltr'>iv,</span> <span class='ocrx_word' id='word_1_468' title='bbox 1014 1289 1043 1326; x_wconf 92' lang='lat'>7,</span> <span class='ocrx_word' id='word_1_469' title='bbox 1058 1290 1104 1320; x_wconf 83' lang='lat'>36.</span> <span class='ocrx_word' id='word_1_470' title='bbox 1141 1290 1297 1320; x_wconf 78' lang='lat' dir='ltr'>concedas</span> <span class='ocrx_word' id='word_1_471' title='bbox 1311 1290 1366 1320; x_wconf 79' lang='lat' dir='ltr'>ali-</span> 
     </span>
     <span class='ocr_line' id='line_1_94' title="bbox 860 1329 1366 1368; baseline 0.002 -10"><span class='ocrx_word' id='word_1_472' title='bbox 860 1339 920 1367; x_wconf 91' lang='lat' dir='ltr'>quo</span> <span class='ocrx_word' id='word_1_473' title='bbox 934 1329 971 1358; x_wconf 84' lang='lat' dir='ltr'>ab</span> <span class='ocrx_word' id='word_1_474' title='bbox 993 1338 1044 1358; x_wconf 84' lang='lat' dir='ltr'>ore</span> <span class='ocrx_word' id='word_1_475' title='bbox 1062 1339 1166 1358; x_wconf 87' lang='lat' dir='ltr'>eorum</span> <span class='ocrx_word' id='word_1_476' title='bbox 1187 1329 1366 1368; x_wconf 80' lang='lat' dir='ltr'>aliquantis-</span> 
     </span>
     <span class='ocr_line' id='line_1_95' title="bbox 859 1367 1364 1407; baseline 0.002 -10"><span class='ocrx_word' id='word_1_477' title='bbox 859 1377 920 1407; x_wconf 85' lang='lat' dir='ltr'>per.</span> <span class='ocrx_word' id='word_1_478' title='bbox 943 1368 1057 1398; x_wconf 82' lang='lat' dir='ltr'>Heaut.</span> <span class='ocrx_word' id='word_1_479' title='bbox 1083 1368 1127 1397; x_wconf 84' lang='lat' dir='ltr'>iii.</span> <span class='ocrx_word' id='word_1_480' title='bbox 1149 1367 1177 1404; x_wconf 86' lang='lat'>3,</span> <span class='ocrx_word' id='word_1_481' title='bbox 1204 1367 1250 1398; x_wconf 87' lang='lat' dir='ltr'>ll.</span> <span class='ocrx_word' id='word_1_482' title='bbox 1294 1369 1364 1405; x_wconf 82' lang='lat' dir='ltr'>Quo</span> 
     </span>
     <span class='ocr_line' id='line_1_96' title="bbox 858 1406 1363 1476; baseline 0.006 -41"><span class='ocrx_word' id='word_1_483' title='bbox 858 1417 908 1452; x_wconf 79' lang='lat' dir='ltr'>ore</span> <span class='ocrx_word' id='word_1_484' title='bbox 916 1406 1078 1476; x_wconf 55' lang='lat' dir='ltr'>gppgllasbo</span> <span class='ocrx_word' id='word_1_485' title='bbox 1089 1412 1206 1446; x_wconf 81' lang='lat' dir='ltr'>patrem</span> <span class='ocrx_word' id='word_1_486' title='bbox 1215 1409 1229 1437; x_wconf 67' lang='lat' dir='ltr'><em>P</em></span> <span class='ocrx_word' id='word_1_487' title='bbox 1251 1407 1363 1476; x_wconf 53' lang='grc' dir='ltr'>ἕειιιιξ.</span> 
     </span>
     <span class='ocr_line' id='line_1_97' title="bbox 860 1455 1363 1482; baseline 0.002 -7"><span class='ocrx_word' id='word_1_488' title='bbox 860 1455 899 1475; x_wconf 80' lang='lat' dir='ltr'>lv.</span> <span class='ocrx_word' id='word_1_489' title='bbox 937 1470 944 1482; x_wconf 98' lang='lat'><strong>‚</strong></span> <span class='ocrx_word' id='word_1_490' title='bbox 1000 1470 1006 1475; x_wconf 96' lang='lat'>.</span> <span class='ocrx_word' id='word_1_491' title='bbox 1072 1456 1138 1476; x_wconf 68' lang='grc' dir='ltr'>ιιι-ιο</span> <span class='ocrx_word' id='word_1_492' title='bbox 1157 1456 1218 1477; x_wconf 83' lang='lat' dir='ltr'>ore.</span> <span class='ocrx_word' id='word_1_493' title='bbox 1285 1457 1340 1476; x_wconf 87' lang='lat' dir='ltr'>eau</span> <span class='ocrx_word' id='word_1_494' title='bbox 1357 1471 1363 1477; x_wconf 89' lang='lat'>.</span> 
     </span>
     <span class='ocr_line' id='line_1_98' title="bbox 859 1457 1363 1531; baseline 0.004 -17"><span class='ocrx_word' id='word_1_495' title='bbox 859 1485 900 1515; x_wconf 90' lang='lat' dir='ltr'>iv.</span> <span class='ocrx_word' id='word_1_496' title='bbox 925 1485 955 1521; x_wconf 88' lang='lat'>5,</span> <span class='ocrx_word' id='word_1_497' title='bbox 980 1484 1025 1514; x_wconf 87' lang='lat'>18.</span> <span class='ocrx_word' id='word_1_498' title='bbox 1052 1457 1106 1514; x_wconf 88' lang='lat' dir='ltr'>pIn</span> <span class='ocrx_word' id='word_1_499' title='bbox 1130 1495 1180 1531; x_wconf 55' lang='lat' dir='ltr'>ose</span> <span class='ocrx_word' id='word_1_500' title='bbox 1207 1490 1252 1515; x_wconf 87' lang='lat' dir='ltr'>est</span> <span class='ocrx_word' id='word_1_501' title='bbox 1281 1487 1363 1516; x_wconf 89' lang='lat' dir='ltr'>omni</span> 
     </span>
     <span class='ocr_line' id='line_1_99' title="bbox 859 1523 1366 1602; baseline 0.004 -10"><span class='ocrx_word' id='word_1_502' title='bbox 859 1523 1366 1602; x_wconf 44' lang='lat' dir='ltr'>Rss&#39;g&#39;sslffissu‘lelfihzsssz.{³311</span> 
     </span>
     <span class='ocr_line' id='line_1_100' title="bbox 859 1602 1365 1641; baseline 0.002 -9"><span class='ocrx_word' id='word_1_503' title='bbox 859 1603 910 1641; x_wconf 89' lang='lat' dir='ltr'>phi</span> <span class='ocrx_word' id='word_1_504' title='bbox 926 1603 958 1632; x_wconf 91' lang='lat' dir='ltr'>ii.</span> <span class='ocrx_word' id='word_1_505' title='bbox 974 1602 1003 1640; x_wconf 89' lang='lat'>2,</span> <span class='ocrx_word' id='word_1_506' title='bbox 1017 1603 1045 1637; x_wconf 93' lang='lat'>7.</span> <span class='ocrx_word' id='word_1_507' title='bbox 1119 1612 1204 1632; x_wconf 84' lang='lat' dir='ltr'>ereor</span> <span class='ocrx_word' id='word_1_508' title='bbox 1217 1613 1317 1632; x_wconf 79' lang='lat' dir='ltr'>coram</span> <span class='ocrx_word' id='word_1_509' title='bbox 1332 1605 1365 1633; x_wconf 90' lang='lat' dir='ltr'>in</span> 
     </span>
     <span class='ocr_line' id='line_1_101' title="bbox 858 1641 1365 1681; baseline 0.004 -11"><span class='ocrx_word' id='word_1_510' title='bbox 858 1652 890 1671; x_wconf 85' lang='lat' dir='ltr'>os</span> <span class='ocrx_word' id='word_1_511' title='bbox 911 1646 941 1672; x_wconf 88' lang='lat' dir='ltr'>te</span> <span class='ocrx_word' id='word_1_512' title='bbox 964 1641 1096 1671; x_wconf 76' lang='lat' dir='ltr'>laudare.</span> <span class='ocrx_word' id='word_1_513' title='bbox 1121 1642 1256 1681; x_wconf 89' lang='lat' dir='ltr'>Adelph.</span> <span class='ocrx_word' id='word_1_514' title='bbox 1282 1643 1314 1672; x_wconf 92' lang='lat' dir='ltr'>ii.</span> <span class='ocrx_word' id='word_1_515' title='bbox 1336 1643 1365 1680; x_wconf 89' lang='lat'>4,</span> 
     </span>
     <span class='ocr_line' id='line_1_102' title="bbox 859 1680 1364 1720; baseline 0.002 -10"><span class='ocrx_word' id='word_1_516' title='bbox 859 1680 885 1710; x_wconf 89' lang='lat'>5.</span> <span class='ocrx_word' id='word_1_517' title='bbox 930 1680 1020 1710; x_wconf 87' lang='lat' dir='ltr'>Nulli</span> <span class='ocrx_word' id='word_1_518' title='bbox 1035 1681 1154 1711; x_wconf 80' lang='lat' dir='ltr'>laedere</span> <span class='ocrx_word' id='word_1_519' title='bbox 1167 1691 1208 1711; x_wconf 70' lang='grc' dir='ltr'>οε.</span> <span class='ocrx_word' id='word_1_520' title='bbox 1232 1681 1364 1720; x_wconf 85' lang='lat' dir='ltr'>Adelph.</span> 
     </span>
     <span class='ocr_line' id='line_1_103' title="bbox 859 1720 1366 1756; baseline 0.002 -7"><span class='ocrx_word' id='word_1_521' title='bbox 859 1730 886 1750; x_wconf 83' lang='grc' dir='ltr'>ν.</span> <span class='ocrx_word' id='word_1_522' title='bbox 910 1720 940 1756; x_wconf 85' lang='grc'>4,</span> <span class='ocrx_word' id='word_1_523' title='bbox 967 1720 1012 1750; x_wconf 91' lang='grc'>10.</span> <span class='ocrx_word' id='word_1_524' title='bbox 1056 1720 1126 1749; x_wconf 91' lang='lat' dir='ltr'>Uno</span> <span class='ocrx_word' id='word_1_525' title='bbox 1151 1730 1202 1750; x_wconf 88' lang='lat' dir='ltr'>ore</span> <span class='ocrx_word' id='word_1_526' title='bbox 1228 1725 1366 1751; x_wconf 76' lang='lat' dir='ltr'>auctores</span> 
     </span>
     <span class='ocr_line' id='line_1_104' title="bbox 858 1759 1365 1796; baseline 0.004 -8"><span class='ocrx_word' id='word_1_527' title='bbox 858 1759 953 1789; x_wconf 84' lang='lat' dir='ltr'>fuere.</span> <span class='ocrx_word' id='word_1_528' title='bbox 976 1759 1100 1789; x_wconf 87' lang='lat' dir='ltr'>Phorm.</span> <span class='ocrx_word' id='word_1_529' title='bbox 1117 1760 1157 1789; x_wconf 84' lang='lat' dir='ltr'>iv.</span> <span class='ocrx_word' id='word_1_530' title='bbox 1171 1759 1200 1795; x_wconf 81' lang='lat'>3,</span> <span class='ocrx_word' id='word_1_531' title='bbox 1213 1759 1261 1789; x_wconf 91' lang='grc'>20.</span> <span class='ocrx_word' id='word_1_532' title='bbox 1296 1760 1365 1796; x_wconf 83' lang='lat' dir='ltr'>Quo</span> 
     </span>
     <span class='ocr_line' id='line_1_105' title="bbox 858 1798 1364 1837; baseline 0.004 -10"><span class='ocrx_word' id='word_1_533' title='bbox 858 1808 908 1827; x_wconf 87' lang='lat' dir='ltr'>ore</span> <span class='ocrx_word' id='word_1_534' title='bbox 919 1798 1011 1828; x_wconf 90' lang='lat' dir='ltr'>illum</span> <span class='ocrx_word' id='word_1_535' title='bbox 1020 1799 1069 1837; x_wconf 88' lang='lat' dir='ltr'>obj</span> <span class='ocrx_word' id='word_1_536' title='bbox 1075 1799 1214 1837; x_wconf 81' lang='lat' dir='ltr'>urgabis?</span> <span class='ocrx_word' id='word_1_537' title='bbox 1236 1798 1364 1829; x_wconf 85' lang='lat' dir='ltr'>Phorm.</span> 
     </span>
    </p>
   </div>
   <div class='ocr_carea' id='block_1_6' title="bbox 840 1836 1361 1906">
    <p class='ocr_par' dir='ltr' id='par_1_18' title="bbox 840 1836 1361 1906">
     <span class='ocr_line' id='line_1_106' title="bbox 840 1836 1361 1906; baseline 0.004 -40"><span class='ocrx_word' id='word_1_538' title='bbox 840 1847 886 1867; x_wconf 87' lang='lat' dir='ltr'>·v.</span> <span class='ocrx_word' id='word_1_539' title='bbox 899 1836 927 1873; x_wconf 87' lang='lat'>8,</span> <span class='ocrx_word' id='word_1_540' title='bbox 938 1837 985 1867; x_wconf 86' lang='lat'>53.</span> <span class='ocrx_word' id='word_1_541' title='bbox 1025 1838 1066 1868; x_wconf 80' lang='lat' dir='ltr'>Os</span> <span class='ocrx_word' id='word_1_542' title='bbox 1081 1838 1243 1906; x_wconf 52' lang='lat' dir='ltr'>ogpprime.</span> <span class='ocrx_word' id='word_1_543' title='bbox 1270 1838 1361 1868; x_wconf 85' lang='lat' dir='ltr'>Phor.</span> 
     </span>
    </p>
   </div>
   <div class='ocr_carea' id='block_1_7' title="bbox 855 1876 1365 2072">
    <p class='ocr_par' dir='ltr' id='par_1_19' title="bbox 858 1876 1084 1912">
     <span class='ocr_line' id='line_1_107' title="bbox 858 1876 1084 1912; baseline -0.004 -6"><span class='ocrx_word' id='word_1_544' title='bbox 858 1886 885 1907; x_wconf 81' lang='lat' dir='ltr'>v.</span> <span class='ocrx_word' id='word_1_545' title='bbox 901 1876 930 1912; x_wconf 87' lang='lat'>7,</span> <span class='ocrx_word' id='word_1_546' title='bbox 945 1876 992 1907; x_wconf 88' lang='lat'>93.</span> <span class='ocrx_word' id='word_1_547' title='bbox 1036 1877 1084 1906; x_wconf 85' lang='lat' dir='ltr'>Of.</span> 
     </span>
    </p>

    <p class='ocr_par' dir='ltr' id='par_1_20' title="bbox 857 1915 1359 1994">
     <span class='ocr_line' id='line_1_108' title="bbox 895 1915 1359 1956; baseline 0.002 -11"><span class='ocrx_word' id='word_1_548' title='bbox 895 1916 996 1955; x_wconf 85' lang='lat' dir='ltr'>oscito]</span> <span class='ocrx_word' id='word_1_549' title='bbox 1017 1916 1138 1945; x_wconf 80' lang='lat' dir='ltr'>Interea</span> <span class='ocrx_word' id='word_1_550' title='bbox 1150 1915 1303 1946; x_wconf 77' lang='lat' dir='ltr'>oscitantes</span> <span class='ocrx_word' id='word_1_551' title='bbox 1311 1927 1359 1956; x_wconf 91' lang='lat' dir='ltr'>op-</span> 
     </span>
     <span class='ocr_line' id='line_1_109' title="bbox 857 1954 1206 1994; baseline 0.003 -10"><span class='ocrx_word' id='word_1_552' title='bbox 857 1955 955 1994; x_wconf 82' lang='lat' dir='ltr'>primi.</span> <span class='ocrx_word' id='word_1_553' title='bbox 979 1955 1061 1984; x_wconf 89' lang='lat' dir='ltr'>And.</span> <span class='ocrx_word' id='word_1_554' title='bbox 1078 1956 1097 1984; x_wconf 85' lang='lat' dir='ltr'>i.</span> <span class='ocrx_word' id='word_1_555' title='bbox 1113 1954 1143 1991; x_wconf 88' lang='lat'>2,</span> <span class='ocrx_word' id='word_1_556' title='bbox 1161 1954 1206 1985; x_wconf 87' lang='grc'>10.</span> 
     </span>
    </p>

    <p class='ocr_par' dir='ltr' id='par_1_21' title="bbox 855 1993 1365 2072">
     <span class='ocr_line' id='line_1_110' title="bbox 894 1993 1365 2034; baseline 0.002 -11"><span class='ocrx_word' id='word_1_557' title='bbox 894 1993 1026 2033; x_wconf 77' lang='lat' dir='ltr'>osculor]</span> <span class='ocrx_word' id='word_1_558' title='bbox 1051 1994 1145 2023; x_wconf 80' lang='lat' dir='ltr'>Mitto</span> <span class='ocrx_word' id='word_1_559' title='bbox 1152 1995 1219 2034; x_wconf 76' lang='lat' dir='ltr'>jam</span> <span class='ocrx_word' id='word_1_560' title='bbox 1233 1993 1365 2024; x_wconf 78' lang='lat' dir='ltr'>osculari</span> 
     </span>
     <span class='ocr_line' id='line_1_111' title="bbox 855 2033 1362 2072; baseline 0.004 -11"><span class='ocrx_word' id='word_1_561' title='bbox 855 2037 946 2071; x_wconf 75' lang='lat' dir='ltr'>atque</span> <span class='ocrx_word' id='word_1_562' title='bbox 960 2033 1136 2072; x_wconf 78' lang='lat' dir='ltr'>amplexari.</span> <span class='ocrx_word' id='word_1_563' title='bbox 1161 2033 1275 2063; x_wconf 82' lang='lat' dir='ltr'>Heaut.</span> <span class='ocrx_word' id='word_1_564' title='bbox 1288 2043 1316 2063; x_wconf 88' lang='lat' dir='ltr'>v.</span> <span class='ocrx_word' id='word_1_565' title='bbox 1334 2033 1362 2071; x_wconf 89' lang='lat' dir='ltr'>l,</span> 
     </span>
    </p>
   </div>
   <div class='ocr_carea' id='block_1_8' title="bbox 850 2110 1362 2964">
    <p class='ocr_par' dir='ltr' id='par_1_22' title="bbox 851 2110 1362 2769">
     <span class='ocr_line' id='line_1_112' title="bbox 894 2110 1362 2150; baseline 0.002 -10"><span class='ocrx_word' id='word_1_566' title='bbox 894 2111 1029 2150; x_wconf 79' lang='lat' dir='ltr'>ostendo]</span> <span class='ocrx_word' id='word_1_567' title='bbox 1057 2110 1144 2141; x_wconf 90' lang='lat' dir='ltr'>Velle</span> <span class='ocrx_word' id='word_1_568' title='bbox 1168 2111 1200 2139; x_wconf 91' lang='lat' dir='ltr'>in</span> <span class='ocrx_word' id='word_1_569' title='bbox 1222 2121 1258 2140; x_wconf 82' lang='lat' dir='ltr'>ea</span> <span class='ocrx_word' id='word_1_570' title='bbox 1271 2121 1303 2140; x_wconf 91' lang='lat' dir='ltr'>re</span> <span class='ocrx_word' id='word_1_571' title='bbox 1316 2121 1362 2141; x_wconf 84' lang='lat' dir='ltr'>os-</span> 
     </span>
     <span class='ocr_line' id='line_1_113' title="bbox 855 2149 1359 2189; baseline 0.002 -10"><span class='ocrx_word' id='word_1_572' title='bbox 855 2150 946 2186; x_wconf 84' lang='lat' dir='ltr'>tendi,</span> <span class='ocrx_word' id='word_1_573' title='bbox 961 2160 1053 2189; x_wconf 89' lang='lat' dir='ltr'>quam</span> <span class='ocrx_word' id='word_1_574' title='bbox 1067 2151 1108 2179; x_wconf 88' lang='lat' dir='ltr'>sis</span> <span class='ocrx_word' id='word_1_575' title='bbox 1124 2149 1263 2179; x_wconf 83' lang='lat' dir='ltr'>callidus.</span> <span class='ocrx_word' id='word_1_576' title='bbox 1278 2150 1359 2180; x_wconf 90' lang='lat' dir='ltr'>And.</span> 
     </span>
     <span class='ocr_line' id='line_1_114' title="bbox 855 2188 1360 2227; baseline 0.002 -10"><span class='ocrx_word' id='word_1_577' title='bbox 855 2190 873 2218; x_wconf 90' lang='lat' dir='ltr'>i.</span> <span class='ocrx_word' id='word_1_578' title='bbox 889 2189 918 2225; x_wconf 92' lang='lat'>2,</span> <span class='ocrx_word' id='word_1_579' title='bbox 933 2189 980 2220; x_wconf 90' lang='lat'>27.</span> <span class='ocrx_word' id='word_1_580' title='bbox 1024 2189 1093 2218; x_wconf 87' lang='lat' dir='ltr'>Tibi</span> <span class='ocrx_word' id='word_1_581' title='bbox 1113 2188 1267 2218; x_wconf 76' lang='lat' dir='ltr'>ostendam</span> <span class='ocrx_word' id='word_1_582' title='bbox 1286 2190 1360 2227; x_wconf 92' lang='lat' dir='ltr'>quid</span> 
     </span>
     <span class='ocr_line' id='line_1_115' title="bbox 854 2226 1358 2265; baseline 0.002 -9"><span class='ocrx_word' id='word_1_583' title='bbox 854 2227 963 2256; x_wconf 87' lang='lat' dir='ltr'>herum</span> <span class='ocrx_word' id='word_1_584' title='bbox 974 2227 1014 2256; x_wconf 85' lang='lat' dir='ltr'>sit</span> <span class='ocrx_word' id='word_1_585' title='bbox 1025 2227 1129 2265; x_wconf 85' lang='lat' dir='ltr'>pericli</span> <span class='ocrx_word' id='word_1_586' title='bbox 1144 2226 1259 2256; x_wconf 80' lang='lat' dir='ltr'>fallere.</span> <span class='ocrx_word' id='word_1_587' title='bbox 1277 2227 1358 2257; x_wconf 90' lang='lat' dir='ltr'>And.</span> 
     </span>
     <span class='ocr_line' id='line_1_116' title="bbox 854 2265 1360 2302; baseline 0.002 -8"><span class='ocrx_word' id='word_1_588' title='bbox 854 2276 881 2294; x_wconf 86' lang='lat' dir='ltr'>v.</span> <span class='ocrx_word' id='word_1_589' title='bbox 897 2265 926 2302; x_wconf 88' lang='lat'>2,</span> <span class='ocrx_word' id='word_1_590' title='bbox 941 2265 988 2295; x_wconf 88' lang='lat'>26.</span> <span class='ocrx_word' id='word_1_591' title='bbox 1032 2266 1062 2294; x_wconf 92' lang='lat' dir='ltr'>N</span> <span class='ocrx_word' id='word_1_592' title='bbox 1065 2276 1134 2301; x_wconf 87' lang='lat' dir='ltr'>unc,</span> <span class='ocrx_word' id='word_1_593' title='bbox 1158 2265 1315 2302; x_wconf 82' lang='lat' dir='ltr'>Parmeno,</span> <span class='ocrx_word' id='word_1_594' title='bbox 1330 2270 1360 2295; x_wconf 87' lang='lat' dir='ltr'>te</span> 
     </span>
     <span class='ocr_line' id='line_1_117' title="bbox 853 2303 1357 2342; baseline 0.002 -9"><span class='ocrx_word' id='word_1_595' title='bbox 853 2304 996 2340; x_wconf 77' lang='lat' dir='ltr'>ostendes,</span> <span class='ocrx_word' id='word_1_596' title='bbox 1010 2305 1061 2342; x_wconf 88' lang='lat' dir='ltr'>qui</span> <span class='ocrx_word' id='word_1_597' title='bbox 1075 2305 1123 2333; x_wconf 88' lang='lat' dir='ltr'>vir</span> <span class='ocrx_word' id='word_1_598' title='bbox 1137 2305 1204 2333; x_wconf 85' lang='lat' dir='ltr'>sies.</span> <span class='ocrx_word' id='word_1_599' title='bbox 1228 2303 1308 2334; x_wconf 92' lang='lat' dir='ltr'>Eun.</span> <span class='ocrx_word' id='word_1_600' title='bbox 1326 2305 1357 2334; x_wconf 91' lang='lat' dir='ltr'>ii.</span> 
     </span>
     <span class='ocr_line' id='line_1_118' title="bbox 853 2342 1360 2379; baseline 0.004 -8"><span class='ocrx_word' id='word_1_601' title='bbox 853 2343 881 2379; x_wconf 89' lang='lat'>3,</span> <span class='ocrx_word' id='word_1_602' title='bbox 900 2342 944 2372; x_wconf 87' lang='lat'>15.</span> <span class='ocrx_word' id='word_1_603' title='bbox 987 2342 1184 2372; x_wconf 86' lang='lat' dir='ltr'>Occasionem</span> <span class='ocrx_word' id='word_1_604' title='bbox 1208 2342 1286 2372; x_wconf 90' lang='lat' dir='ltr'>mihi</span> <span class='ocrx_word' id='word_1_605' title='bbox 1313 2353 1360 2373; x_wconf 87' lang='lat' dir='ltr'>os-</span> 
     </span>
     <span class='ocr_line' id='line_1_119' title="bbox 853 2380 1359 2417; baseline 0.002 -7"><span class='ocrx_word' id='word_1_606' title='bbox 853 2384 971 2411; x_wconf 78' lang='lat' dir='ltr'>tentam.</span> <span class='ocrx_word' id='word_1_607' title='bbox 1000 2381 1082 2412; x_wconf 87' lang='lat' dir='ltr'>Eun.</span> <span class='ocrx_word' id='word_1_608' title='bbox 1110 2383 1152 2412; x_wconf 89' lang='lat' dir='ltr'>iii.</span> <span class='ocrx_word' id='word_1_609' title='bbox 1178 2381 1207 2417; x_wconf 87' lang='lat'>5,</span> <span class='ocrx_word' id='word_1_610' title='bbox 1231 2380 1278 2413; x_wconf 90' lang='grc'>57.</span> <span class='ocrx_word' id='word_1_611' title='bbox 1321 2382 1359 2411; x_wconf 91' lang='lat' dir='ltr'>In</span> 
     </span>
     <span class='ocr_line' id='line_1_120' title="bbox 853 2419 1359 2459; baseline 0 -10"><span class='ocrx_word' id='word_1_612' title='bbox 853 2430 902 2450; x_wconf 87' lang='lat' dir='ltr'>me</span> <span class='ocrx_word' id='word_1_613' title='bbox 942 2419 1031 2459; x_wconf 89' lang='lat' dir='ltr'>plane</span> <span class='ocrx_word' id='word_1_614' title='bbox 1085 2420 1126 2450; x_wconf 92' lang='lat' dir='ltr'>Di</span> <span class='ocrx_word' id='word_1_615' title='bbox 1178 2424 1359 2459; x_wconf 83' lang='lat' dir='ltr'>potestatem</span> 
     </span>
     <span class='ocr_line' id='line_1_121' title="bbox 853 2459 1356 2490; baseline 0.002 -2"><span class='ocrx_word' id='word_1_616' title='bbox 853 2469 938 2488; x_wconf 85' lang='lat' dir='ltr'>suam</span> <span class='ocrx_word' id='word_1_617' title='bbox 953 2469 1077 2489; x_wconf 89' lang='lat' dir='ltr'>omnem</span> <span class='ocrx_word' id='word_1_618' title='bbox 1094 2460 1251 2489; x_wconf 80' lang='lat' dir='ltr'>ostendere.</span> <span class='ocrx_word' id='word_1_619' title='bbox 1275 2459 1356 2490; x_wconf 88' lang='lat' dir='ltr'>Eun.</span> 
     </span>
     <span class='ocr_line' id='line_1_122' title="bbox 853 2497 1358 2537; baseline 0.002 -10"><span class='ocrx_word' id='word_1_620' title='bbox 853 2508 880 2528; x_wconf 76' lang='grc' dir='ltr'>ν,</span> <span class='ocrx_word' id='word_1_621' title='bbox 897 2498 925 2535; x_wconf 90' lang='grc'>8,</span> <span class='ocrx_word' id='word_1_622' title='bbox 945 2498 972 2527; x_wconf 88' lang='grc'>3.</span> <span class='ocrx_word' id='word_1_623' title='bbox 1017 2498 1064 2527; x_wconf 89' lang='grc' dir='ltr'>Τιι</span> <span class='ocrx_word' id='word_1_624' title='bbox 1087 2497 1178 2527; x_wconf 91' lang='lat' dir='ltr'>illum</span> <span class='ocrx_word' id='word_1_625' title='bbox 1200 2508 1358 2537; x_wconf 82' lang='lat' dir='ltr'>nunquam</span> 
     </span>
     <span class='ocr_line' id='line_1_123' title="bbox 851 2537 1356 2575; baseline 0.004 -10"><span class='ocrx_word' id='word_1_626' title='bbox 851 2537 1003 2566; x_wconf 78' lang='lat' dir='ltr'>ostendisti</span> <span class='ocrx_word' id='word_1_627' title='bbox 1049 2538 1155 2575; x_wconf 83' lang='lat' dir='ltr'>quanti</span> <span class='ocrx_word' id='word_1_628' title='bbox 1241 2538 1356 2568; x_wconf 85' lang='lat' dir='ltr'>nderes.</span> 
     </span>
     <span class='ocr_line' id='line_1_124' title="bbox 853 2575 1357 2611; baseline 0.004 -7"><span class='ocrx_word' id='word_1_629' title='bbox 853 2575 965 2605; x_wconf 81' lang='lat' dir='ltr'>Heaut.</span> <span class='ocrx_word' id='word_1_630' title='bbox 991 2576 1012 2604; x_wconf 92' lang='lat' dir='ltr'>i.</span> <span class='ocrx_word' id='word_1_631' title='bbox 1037 2575 1063 2611; x_wconf 94' lang='grc'>1,</span> <span class='ocrx_word' id='word_1_632' title='bbox 1089 2575 1153 2606; x_wconf 87' lang='grc'>103.</span> <span class='ocrx_word' id='word_1_633' title='bbox 1227 2578 1258 2605; x_wconf 88' lang='lat' dir='ltr'>ui</span> <span class='ocrx_word' id='word_1_634' title='bbox 1280 2577 1357 2606; x_wconf 86' lang='lat' dir='ltr'>mihi</span> 
     </span>
     <span class='ocr_line' id='line_1_125' title="bbox 852 2614 1357 2652; baseline 0 -8"><span class='ocrx_word' id='word_1_635' title='bbox 852 2623 904 2652; x_wconf 84' lang='lat' dir='ltr'>per</span> <span class='ocrx_word' id='word_1_636' title='bbox 916 2614 1012 2644; x_wconf 79' lang='lat' dir='ltr'>alium</span> <span class='ocrx_word' id='word_1_637' title='bbox 1034 2615 1158 2644; x_wconf 81' lang='lat' dir='ltr'>ostendit</span> <span class='ocrx_word' id='word_1_638' title='bbox 1182 2624 1268 2644; x_wconf 84' lang='lat' dir='ltr'>suam</span> <span class='ocrx_word' id='word_1_639' title='bbox 1291 2625 1357 2644; x_wconf 86' lang='lat' dir='ltr'>sen-</span> 
     </span>
     <span class='ocr_line' id='line_1_126' title="bbox 852 2653 1357 2693; baseline 0.002 -11"><span class='ocrx_word' id='word_1_640' title='bbox 852 2655 990 2683; x_wconf 77' lang='lat' dir='ltr'>teutiam.</span> <span class='ocrx_word' id='word_1_641' title='bbox 1013 2653 1127 2683; x_wconf 80' lang='lat' dir='ltr'>Heaut.</span> <span class='ocrx_word' id='word_1_642' title='bbox 1142 2654 1174 2683; x_wconf 92' lang='lat' dir='ltr'>ii.</span> <span class='ocrx_word' id='word_1_643' title='bbox 1193 2653 1219 2690; x_wconf 94' lang='lat'>1,</span> <span class='ocrx_word' id='word_1_644' title='bbox 1231 2654 1258 2686; x_wconf 87' lang='grc'>7.</span> <span class='ocrx_word' id='word_1_645' title='bbox 1295 2654 1357 2693; x_wconf 92' lang='lat' dir='ltr'>Op-</span> 
     </span>
     <span class='ocr_line' id='line_1_127' title="bbox 851 2692 1356 2731; baseline 0.004 -10"><span class='ocrx_word' id='word_1_646' title='bbox 851 2696 979 2731; x_wconf 87' lang='lat' dir='ltr'>portune</span> <span class='ocrx_word' id='word_1_647' title='bbox 994 2696 1024 2722; x_wconf 89' lang='lat' dir='ltr'>te</span> <span class='ocrx_word' id='word_1_648' title='bbox 1040 2692 1115 2721; x_wconf 88' lang='lat' dir='ltr'>mihi</span> <span class='ocrx_word' id='word_1_649' title='bbox 1139 2693 1170 2721; x_wconf 90' lang='lat' dir='ltr'>in</span> <span class='ocrx_word' id='word_1_650' title='bbox 1193 2693 1256 2731; x_wconf 87' lang='lat' dir='ltr'>ipso</span> <span class='ocrx_word' id='word_1_651' title='bbox 1278 2697 1356 2723; x_wconf 87' lang='lat' dir='ltr'>tem-</span> 
     </span>
     <span class='ocr_line' id='line_1_128' title="bbox 870 2731 1354 2769; baseline 0.004 -9"><span class='ocrx_word' id='word_1_652' title='bbox 870 2741 921 2761; x_wconf 89' lang='lat' dir='ltr'>ore</span> <span class='ocrx_word' id='word_1_653' title='bbox 941 2731 1076 2761; x_wconf 83' lang='lat' dir='ltr'>ostendis.</span> <span class='ocrx_word' id='word_1_654' title='bbox 1104 2731 1180 2760; x_wconf 86' lang='lat' dir='ltr'>Hec.</span> <span class='ocrx_word' id='word_1_655' title='bbox 1207 2733 1247 2762; x_wconf 86' lang='lat' dir='ltr'>iv.</span> <span class='ocrx_word' id='word_1_656' title='bbox 1272 2732 1301 2769; x_wconf 90' lang='lat'>4,</span> <span class='ocrx_word' id='word_1_657' title='bbox 1326 2731 1354 2762; x_wconf 88' lang='grc'>5.</span> 
     </span>
    </p>

    <p class='ocr_par' dir='ltr' id='par_1_23' title="bbox 850 2769 1354 2964">
     <span class='ocr_line' id='line_1_129' title="bbox 884 2769 1354 2800; baseline 0.002 -1"><span class='ocrx_word' id='word_1_658' title='bbox 884 2775 896 2799; x_wconf 78' lang='lat' dir='ltr'>t</span> <span class='ocrx_word' id='word_1_659' title='bbox 917 2769 993 2799; x_wconf 90' lang='lat' dir='ltr'>olim</span> <span class='ocrx_word' id='word_1_660' title='bbox 1015 2775 1046 2799; x_wconf 88' lang='lat' dir='ltr'>te</span> <span class='ocrx_word' id='word_1_661' title='bbox 1067 2771 1220 2799; x_wconf 72' lang='lat' dir='ltr'>ostendisti</span> <span class='ocrx_word' id='word_1_662' title='bbox 1250 2772 1354 2800; x_wconf 83' lang='lat' dir='ltr'>eadem</span> 
     </span>
     <span class='ocr_line' id='line_1_130' title="bbox 851 2808 1354 2847; baseline 0 -8"><span class='ocrx_word' id='word_1_663' title='bbox 851 2819 914 2839; x_wconf 85' lang='lat' dir='ltr'>esse</span> <span class='ocrx_word' id='word_1_664' title='bbox 924 2808 1005 2838; x_wconf 85' lang='lat' dir='ltr'>nihil</span> <span class='ocrx_word' id='word_1_665' title='bbox 1020 2809 1175 2838; x_wconf 81' lang='lat' dir='ltr'>cessavisti</span> <span class='ocrx_word' id='word_1_666' title='bbox 1195 2819 1290 2847; x_wconf 87' lang='lat' dir='ltr'>usque</span> <span class='ocrx_word' id='word_1_667' title='bbox 1303 2810 1354 2839; x_wconf 88' lang='lat' dir='ltr'>ad-</span> 
     </span>
     <span class='ocr_line' id='line_1_131' title="bbox 850 2847 1353 2882; baseline 0.002 -5"><span class='ocrx_word' id='word_1_668' title='bbox 850 2849 918 2878; x_wconf 87' lang='lat' dir='ltr'>hue.</span> <span class='ocrx_word' id='word_1_669' title='bbox 942 2848 1019 2877; x_wconf 89' lang='lat' dir='ltr'>Hec.</span> <span class='ocrx_word' id='word_1_670' title='bbox 1037 2848 1077 2877; x_wconf 89' lang='lat' dir='ltr'>iv.</span> <span class='ocrx_word' id='word_1_671' title='bbox 1096 2847 1122 2882; x_wconf 89' lang='lat' dir='ltr'>l,</span> <span class='ocrx_word' id='word_1_672' title='bbox 1137 2847 1185 2877; x_wconf 88' lang='lat'>29.</span> <span class='ocrx_word' id='word_1_673' title='bbox 1220 2848 1261 2877; x_wconf 88' lang='lat' dir='ltr'>Ni</span> <span class='ocrx_word' id='word_1_674' title='bbox 1276 2849 1353 2878; x_wconf 86' lang='lat' dir='ltr'>mihi</span> 
     </span>
     <span class='ocr_line' id='line_1_132' title="bbox 850 2887 1351 2925; baseline 0.002 -9"><span class='ocrx_word' id='word_1_675' title='bbox 850 2892 928 2917; x_wconf 85' lang='lat' dir='ltr'>esset</span> <span class='ocrx_word' id='word_1_676' title='bbox 951 2895 1015 2925; x_wconf 84' lang='lat' dir='ltr'>spes</span> <span class='ocrx_word' id='word_1_677' title='bbox 1039 2889 1160 2915; x_wconf 77' lang='lat' dir='ltr'>ostenta.</span> <span class='ocrx_word' id='word_1_678' title='bbox 1184 2887 1308 2917; x_wconf 86' lang='lat' dir='ltr'>Phorm.</span> <span class='ocrx_word' id='word_1_679' title='bbox 1325 2898 1351 2917; x_wconf 81' lang='lat' dir='ltr'>v.</span> 
     </span>
     <span class='ocr_line' id='line_1_133' title="bbox 851 2925 1353 2964; baseline 0 -8"><span class='ocrx_word' id='word_1_680' title='bbox 851 2928 879 2963; x_wconf 88' lang='lat'>4,</span> <span class='ocrx_word' id='word_1_681' title='bbox 888 2926 916 2958; x_wconf 88' lang='lat'>7.</span> <span class='ocrx_word' id='word_1_682' title='bbox 939 2925 1004 2964; x_wconf 81' lang='lat' dir='ltr'>Ego</span> <span class='ocrx_word' id='word_1_683' title='bbox 1014 2926 1213 2955; x_wconf 80' lang='lat' dir='ltr'>ostenderem!</span> <span class='ocrx_word' id='word_1_684' title='bbox 1228 2926 1353 2956; x_wconf 82' lang='lat' dir='ltr'>Phorm.</span> 
     </span>
    </p>
   </div>
   <div class='ocr_carea' id='block_1_9' title="bbox 851 2963 1770 3002">
    <p class='ocr_par' dir='ltr' id='par_1_24' title="bbox 851 2963 1770 3002">
     <span class='ocr_line' id='line_1_134' title="bbox 851 2963 1770 3002; baseline 0 -7"><span class='ocrx_word' id='word_1_685' title='bbox 851 2975 877 2996; x_wconf 85' lang='lat' dir='ltr'>v.</span> <span class='ocrx_word' id='word_1_686' title='bbox 901 2964 929 3002; x_wconf 89' lang='lat'>3,</span> <span class='ocrx_word' id='word_1_687' title='bbox 955 2964 1000 2994; x_wconf 92' lang='grc'>10.</span> <span class='ocrx_word' id='word_1_688' title='bbox 1043 2964 1087 2993; x_wconf 88' lang='lat' dir='ltr'>Ut</span> <span class='ocrx_word' id='word_1_689' title='bbox 1111 2964 1147 2993; x_wconf 86' lang='lat' dir='ltr'>de</span> <span class='ocrx_word' id='word_1_690' title='bbox 1171 2964 1224 2994; x_wconf 82' lang='lat' dir='ltr'>tali</span> <span class='ocrx_word' id='word_1_691' title='bbox 1248 2975 1354 2995; x_wconf 86' lang='lat' dir='ltr'>causae</span> <span class='ocrx_word' id='word_1_692' title='bbox 1408 2964 1498 2994; x_wconf 85' lang='lat' dir='ltr'>filiae.</span> <span class='ocrx_word' id='word_1_693' title='bbox 1532 2964 1612 2993; x_wconf 86' lang='lat' dir='ltr'>And.</span> <span class='ocrx_word' id='word_1_694' title='bbox 1638 2973 1666 2993; x_wconf 77' lang='lat' dir='ltr'>V.</span> <span class='ocrx_word' id='word_1_695' title='bbox 1691 2963 1717 3001; x_wconf 90' lang='lat' dir='ltr'>l,</span> <span class='ocrx_word' id='word_1_696' title='bbox 1741 2964 1770 2995; x_wconf 88' lang='grc'>3.</span> 
     </span>
    </p>
   </div>
   <div class='ocr_carea' id='block_1_10' title="bbox 1413 387 1931 2341">
    <p class='ocr_par' dir='ltr' id='par_1_25' title="bbox 1413 387 1931 2341">
     <span class='ocr_line' id='line_1_135' title="bbox 1466 387 1931 430; baseline 0.009 -12"><span class='ocrx_word' id='word_1_697' title='bbox 1466 387 1594 429; x_wconf 82' lang='lat' dir='ltr'>ostento]</span> <span class='ocrx_word' id='word_1_698' title='bbox 1630 389 1740 430; x_wconf 78' lang='lat' dir='ltr'>Neque</span> <span class='ocrx_word' id='word_1_699' title='bbox 1779 390 1931 422; x_wconf 73' lang='lat' dir='ltr'>cicatrices</span> 
     </span>
     <span class='ocr_line' id='line_1_136' title="bbox 1423 428 1907 468; baseline 0.008 -11"><span class='ocrx_word' id='word_1_700' title='bbox 1423 438 1490 458; x_wconf 83' lang='lat' dir='ltr'>suas</span> <span class='ocrx_word' id='word_1_701' title='bbox 1503 431 1636 459; x_wconf 79' lang='lat' dir='ltr'>ostentat.</span> <span class='ocrx_word' id='word_1_702' title='bbox 1660 428 1741 459; x_wconf 84' lang='lat' dir='ltr'>Eun.</span> <span class='ocrx_word' id='word_1_703' title='bbox 1754 429 1801 460; x_wconf 83' lang='lat' dir='ltr'>iii.</span> <span class='ocrx_word' id='word_1_704' title='bbox 1815 429 1846 468; x_wconf 90' lang='lat'>2,</span> <span class='ocrx_word' id='word_1_705' title='bbox 1858 429 1907 461; x_wconf 70' lang='lat'>20.</span> 
     </span>
     <span class='ocr_line' id='line_1_137' title="bbox 1461 468 1929 507; baseline 0.009 -11"><span class='ocrx_word' id='word_1_706' title='bbox 1461 468 1584 507; x_wconf 80' lang='lat' dir='ltr'>ostium]</span> <span class='ocrx_word' id='word_1_707' title='bbox 1616 468 1757 498; x_wconf 81' lang='lat' dir='ltr'>Solitudo</span> <span class='ocrx_word' id='word_1_708' title='bbox 1783 474 1855 500; x_wconf 75' lang='lat' dir='ltr'>ante</span> <span class='ocrx_word' id='word_1_709' title='bbox 1880 480 1929 500; x_wconf 83' lang='lat' dir='ltr'>-os-</span> 
     </span>
     <span class='ocr_line' id='line_1_138' title="bbox 1422 506 1929 544; baseline 0.008 -9"><span class='ocrx_word' id='word_1_710' title='bbox 1422 506 1508 536; x_wconf 85' lang='lat' dir='ltr'>tium.</span> <span class='ocrx_word' id='word_1_711' title='bbox 1539 507 1623 537; x_wconf 85' lang='lat' dir='ltr'>And.</span> <span class='ocrx_word' id='word_1_712' title='bbox 1647 508 1679 538; x_wconf 85' lang='lat' dir='ltr'>ii.</span> <span class='ocrx_word' id='word_1_713' title='bbox 1703 507 1732 544; x_wconf 81' lang='lat'>2,</span> <span class='ocrx_word' id='word_1_714' title='bbox 1753 506 1803 539; x_wconf 84' lang='lat'>25.</span> <span class='ocrx_word' id='word_1_715' title='bbox 1845 508 1929 539; x_wconf 81' lang='lat' dir='ltr'>Con-</span> 
     </span>
     <span class='ocr_line' id='line_1_139' title="bbox 1423 546 1928 617; baseline 0.01 -43"><span class='ocrx_word' id='word_1_716' title='bbox 1423 546 1697 615; x_wconf 42' lang='lat' dir='ltr'>xezuithirlichGl</span> <span class='ocrx_word' id='word_1_717' title='bbox 1721 548 1928 617; x_wconf 58' lang='lat' dir='ltr'>oeri⁰1⁰mlmg⁰</span> 
     </span>
     <span class='ocr_line' id='line_1_140' title="bbox 1456 595 1927 624; baseline 0.008 -10"><span class='ocrx_word' id='word_1_718' title='bbox 1456 595 1564 615; x_wconf 87' lang='lat' dir='ltr'>n.1v.</span> <span class='ocrx_word' id='word_1_719' title='bbox 1607 609 1615 622; x_wconf 95' lang='lat'>,</span> <span class='ocrx_word' id='word_1_720' title='bbox 1669 609 1676 616; x_wconf 88' lang='lat'>.</span> <span class='ocrx_word' id='word_1_721' title='bbox 1733 596 1776 617; x_wconf 89' lang='lat' dir='ltr'>ec.</span> <span class='ocrx_word' id='word_1_722' title='bbox 1811 597 1839 617; x_wconf 87' lang='lat' dir='ltr'>v.</span> <span class='ocrx_word' id='word_1_723' title='bbox 1876 611 1884 624; x_wconf 91' lang='lat'>,</span> <span class='ocrx_word' id='word_1_724' title='bbox 1919 611 1927 618; x_wconf 94' lang='lat'>.</span> 
     </span>
     <span class='ocr_line' id='line_1_141' title="bbox 1425 623 1927 657; baseline 0.008 -4"><span class='ocrx_word' id='word_1_725' title='bbox 1425 623 1540 654; x_wconf 79' lang='lat' dir='ltr'>obsera</span> <span class='ocrx_word' id='word_1_726' title='bbox 1552 626 1659 655; x_wconf 79' lang='lat' dir='ltr'>ostium</span> <span class='ocrx_word' id='word_1_727' title='bbox 1672 626 1765 656; x_wconf 87' lang='lat' dir='ltr'>intus.</span> <span class='ocrx_word' id='word_1_728' title='bbox 1789 625 1869 656; x_wconf 84' lang='lat' dir='ltr'>Eun.</span> <span class='ocrx_word' id='word_1_729' title='bbox 1884 627 1927 657; x_wconf 84' lang='lat' dir='ltr'>iv.</span> 
     </span>
     <span class='ocr_line' id='line_1_142' title="bbox 1423 663 1927 698; baseline 0.008 -6"><span class='ocrx_word' id='word_1_730' title='bbox 1423 663 1450 698; x_wconf 89' lang='lat'>6,</span> <span class='ocrx_word' id='word_1_731' title='bbox 1466 663 1514 694; x_wconf 87' lang='lat'>25.</span> <span class='ocrx_word' id='word_1_732' title='bbox 1539 663 1663 694; x_wconf 85' lang='lat' dir='ltr'>Pultare</span> <span class='ocrx_word' id='word_1_733' title='bbox 1675 665 1792 696; x_wconf 63' lang='lat' dir='ltr'>ostium.</span> <span class='ocrx_word' id='word_1_734' title='bbox 1813 665 1927 696; x_wconf 56' lang='lat' dir='ltr'>Haut.</span> 
     </span>
     <span class='ocr_line' id='line_1_143' title="bbox 1422 702 1926 742; baseline 0.006 -11"><span class='ocrx_word' id='word_1_735' title='bbox 1422 702 1466 732; x_wconf 90' lang='lat' dir='ltr'>iii.</span> <span class='ocrx_word' id='word_1_736' title='bbox 1497 702 1524 739; x_wconf 94' lang='lat' dir='ltr'>l,</span> <span class='ocrx_word' id='word_1_737' title='bbox 1555 702 1579 733; x_wconf 87' lang='lat'>1.</span> <span class='ocrx_word' id='word_1_738' title='bbox 1623 704 1777 742; x_wconf 88' lang='lat' dir='ltr'>Operuere</span> <span class='ocrx_word' id='word_1_739' title='bbox 1809 705 1926 735; x_wconf 73' lang='lat' dir='ltr'>ostium.</span> 
     </span>
     <span class='ocr_line' id='line_1_144' title="bbox 1424 741 1928 783; baseline 0.008 -13"><span class='ocrx_word' id='word_1_740' title='bbox 1424 741 1538 771; x_wconf 84' lang='lat' dir='ltr'>Heaut.</span> <span class='ocrx_word' id='word_1_741' title='bbox 1554 753 1582 773; x_wconf 88' lang='lat' dir='ltr'>v.</span> <span class='ocrx_word' id='word_1_742' title='bbox 1601 742 1628 779; x_wconf 89' lang='lat' dir='ltr'>l,</span> <span class='ocrx_word' id='word_1_743' title='bbox 1643 743 1688 773; x_wconf 82' lang='lat'>33.</span> <span class='ocrx_word' id='word_1_744' title='bbox 1732 744 1859 783; x_wconf 83' lang='lat' dir='ltr'>Aperite</span> <span class='ocrx_word' id='word_1_745' title='bbox 1871 744 1928 774; x_wconf 69' lang='lat' dir='ltr'>ali-</span> 
     </span>
     <span class='ocr_line' id='line_1_145' title="bbox 1422 782 1928 853; baseline 0.006 -43"><span class='ocrx_word' id='word_1_746' title='bbox 1422 782 1498 849; x_wconf 64' lang='lat' dir='ltr'>quis1</span> <span class='ocrx_word' id='word_1_747' title='bbox 1504 786 1641 850; x_wconf 51' lang='grc' dir='ltr'>αιέἵέιιιιιίι</span> <span class='ocrx_word' id='word_1_748' title='bbox 1655 782 1928 853; x_wconf 46' lang='grc' dir='ltr'>οςιίαπιᾞᾼᾶὲξιέιέ</span> 
     </span>
     <span class='ocr_line' id='line_1_146' title="bbox 1422 829 1826 857; baseline 0.01 -9"><span class='ocrx_word' id='word_1_749' title='bbox 1422 829 1463 850; x_wconf 80' lang='lat' dir='ltr'>lv.</span> <span class='ocrx_word' id='word_1_750' title='bbox 1502 844 1509 857; x_wconf 91' lang='lat'>‚</span> <span class='ocrx_word' id='word_1_751' title='bbox 1567 845 1574 851; x_wconf 89' lang='lat'>.</span> <span class='ocrx_word' id='word_1_752' title='bbox 1691 830 1722 851; x_wconf 88' lang='lat' dir='ltr'>m</span> <span class='ocrx_word' id='word_1_753' title='bbox 1736 831 1767 851; x_wconf 80' lang='lat' dir='ltr'>vi</span> <span class='ocrx_word' id='word_1_754' title='bbox 1790 830 1826 852; x_wconf 84' lang='lat' dir='ltr'>eo</span> 
     </span>
     <span class='ocr_line' id='line_1_147' title="bbox 1422 830 1925 899; baseline 0.008 -11"><span class='ocrx_word' id='word_1_755' title='bbox 1422 863 1493 889; x_wconf 75' lang='lat' dir='ltr'>ante</span> <span class='ocrx_word' id='word_1_756' title='bbox 1515 830 1733 891; x_wconf 53' lang='lat' dir='ltr'>ostiumpslillee.</span> <span class='ocrx_word' id='word_1_757' title='bbox 1756 861 1800 892; x_wconf 88' lang='lat' dir='ltr'>iii.</span> <span class='ocrx_word' id='word_1_758' title='bbox 1824 861 1855 899; x_wconf 85' lang='lat'>4,</span> <span class='ocrx_word' id='word_1_759' title='bbox 1881 861 1925 892; x_wconf 79' lang='lat'>14.</span> 
     </span>
     <span class='ocr_line' id='line_1_148' title="bbox 1423 895 1928 967; baseline 0.006 -39"><span class='ocrx_word' id='word_1_760' title='bbox 1423 895 1521 967; x_wconf 59' lang='grc' dir='ltr'>ξέῑη</span> <span class='ocrx_word' id='word_1_761' title='bbox 1542 900 1660 930; x_wconf 74' lang='lat' dir='ltr'>ostium.</span> <span class='ocrx_word' id='word_1_762' title='bbox 1685 900 1811 931; x_wconf 87' lang='lat' dir='ltr'>Phorm.</span> <span class='ocrx_word' id='word_1_763' title='bbox 1841 907 1870 932; x_wconf 78' lang='lat' dir='ltr'>v.</span> <span class='ocrx_word' id='word_1_764' title='bbox 1897 900 1928 939; x_wconf 88' lang='lat'>6,</span> 
     </span>
     <span class='ocr_line' id='line_1_149' title="bbox 1460 977 1928 1016; baseline 0.006 -10"><span class='ocrx_word' id='word_1_765' title='bbox 1460 977 1562 1016; x_wconf 73' lang='lat' dir='ltr'>otiose]</span> <span class='ocrx_word' id='word_1_766' title='bbox 1583 977 1621 1007; x_wconf 89' lang='lat' dir='ltr'>In</span> <span class='ocrx_word' id='word_1_767' title='bbox 1644 986 1750 1008; x_wconf 72' lang='lat' dir='ltr'>aurem</span> <span class='ocrx_word' id='word_1_768' title='bbox 1780 979 1928 1009; x_wconf 73' lang='lat' dir='ltr'>utramvis</span> 
     </span>
     <span class='ocr_line' id='line_1_150' title="bbox 1421 1016 1925 1048; baseline 0.006 -3"><span class='ocrx_word' id='word_1_769' title='bbox 1421 1017 1510 1045; x_wconf 80' lang='lat' dir='ltr'>otiose</span> <span class='ocrx_word' id='word_1_770' title='bbox 1531 1022 1567 1046; x_wconf 86' lang='lat' dir='ltr'>ut</span> <span class='ocrx_word' id='word_1_771' title='bbox 1591 1017 1731 1048; x_wconf 68' lang='lat' dir='ltr'>dormias.</span> <span class='ocrx_word' id='word_1_772' title='bbox 1755 1016 1868 1048; x_wconf 74' lang='lat' dir='ltr'>Heaut.</span> <span class='ocrx_word' id='word_1_773' title='bbox 1892 1018 1925 1048; x_wconf 91' lang='lat' dir='ltr'>ii.</span> 
     </span>
     <span class='ocr_line' id='line_1_151' title="bbox 1423 1054 1927 1096; baseline 0.006 -12"><span class='ocrx_word' id='word_1_774' title='bbox 1423 1054 1450 1092; x_wconf 89' lang='lat'>3,</span> <span class='ocrx_word' id='word_1_775' title='bbox 1468 1054 1532 1085; x_wconf 82' lang='lat'>101.</span> <span class='ocrx_word' id='word_1_776' title='bbox 1557 1055 1666 1090; x_wconf 75' lang='lat' dir='ltr'>Otiose,</span> <span class='ocrx_word' id='word_1_777' title='bbox 1680 1064 1762 1086; x_wconf 81' lang='lat' dir='ltr'>nune</span> <span class='ocrx_word' id='word_1_778' title='bbox 1773 1056 1841 1096; x_wconf 72' lang='lat' dir='ltr'>jam</span> <span class='ocrx_word' id='word_1_779' title='bbox 1854 1056 1927 1087; x_wconf 87' lang='lat' dir='ltr'>ilieo</span> 
     </span>
     <span class='ocr_line' id='line_1_152' title="bbox 1421 1093 1912 1135; baseline 0.004 -11"><span class='ocrx_word' id='word_1_780' title='bbox 1421 1093 1470 1124; x_wconf 82' lang='lat' dir='ltr'>hic</span> <span class='ocrx_word' id='word_1_781' title='bbox 1483 1095 1622 1125; x_wconf 85' lang='lat' dir='ltr'>consiste.</span> <span class='ocrx_word' id='word_1_782' title='bbox 1646 1094 1778 1135; x_wconf 83' lang='lat' dir='ltr'>Adelph.</span> <span class='ocrx_word' id='word_1_783' title='bbox 1793 1096 1824 1126; x_wconf 86' lang='lat' dir='ltr'>ii.</span> <span class='ocrx_word' id='word_1_784' title='bbox 1843 1095 1869 1134; x_wconf 89' lang='lat'>1,</span> <span class='ocrx_word' id='word_1_785' title='bbox 1882 1094 1912 1126; x_wconf 85' lang='lat'>2.</span> 
     </span>
     <span class='ocr_line' id='line_1_153' title="bbox 1459 1133 1927 1174; baseline 0.004 -11"><span class='ocrx_word' id='word_1_786' title='bbox 1459 1133 1583 1174; x_wconf 80' lang='lat' dir='ltr'>otiosus]</span> <span class='ocrx_word' id='word_1_787' title='bbox 1615 1134 1731 1164; x_wconf 88' lang='lat' dir='ltr'>Animo</span> <span class='ocrx_word' id='word_1_788' title='bbox 1754 1144 1837 1165; x_wconf 85' lang='lat' dir='ltr'>nunc</span> <span class='ocrx_word' id='word_1_789' title='bbox 1860 1135 1927 1174; x_wconf 71' lang='lat' dir='ltr'>jam</span> 
     </span>
     <span class='ocr_line' id='line_1_154' title="bbox 1419 1173 1925 1213; baseline 0.006 -12"><span class='ocrx_word' id='word_1_790' title='bbox 1419 1173 1512 1202; x_wconf 73' lang='lat' dir='ltr'>otioso</span> <span class='ocrx_word' id='word_1_791' title='bbox 1525 1183 1590 1203; x_wconf 83' lang='lat' dir='ltr'>esse</span> <span class='ocrx_word' id='word_1_792' title='bbox 1603 1174 1728 1213; x_wconf 89' lang='lat' dir='ltr'>impero.</span> <span class='ocrx_word' id='word_1_793' title='bbox 1753 1174 1835 1204; x_wconf 86' lang='lat' dir='ltr'>And.</span> <span class='ocrx_word' id='word_1_794' title='bbox 1850 1183 1879 1204; x_wconf 80' lang='lat' dir='ltr'>v.</span> <span class='ocrx_word' id='word_1_795' title='bbox 1894 1174 1925 1210; x_wconf 92' lang='lat'>2,</span> 
     </span>
     <span class='ocr_line' id='line_1_155' title="bbox 1422 1210 1928 1252; baseline 0.008 -12"><span class='ocrx_word' id='word_1_796' title='bbox 1422 1210 1447 1241; x_wconf 93' lang='lat'>1.</span> <span class='ocrx_word' id='word_1_797' title='bbox 1491 1212 1595 1241; x_wconf 80' lang='lat' dir='ltr'>Aliam</span> <span class='ocrx_word' id='word_1_798' title='bbox 1637 1214 1747 1243; x_wconf 69' lang='lat' dir='ltr'>otiam</span> <span class='ocrx_word' id='word_1_799' title='bbox 1789 1218 1928 1252; x_wconf 77' lang='lat' dir='ltr'>quaeret.</span> 
     </span>
     <span class='ocr_line' id='line_1_156' title="bbox 1420 1250 1926 1289; baseline 0.008 -10"><span class='ocrx_word' id='word_1_800' title='bbox 1420 1250 1501 1280; x_wconf 88' lang='lat' dir='ltr'>And.</span> <span class='ocrx_word' id='word_1_801' title='bbox 1518 1253 1550 1281; x_wconf 83' lang='lat' dir='ltr'>ii.</span> <span class='ocrx_word' id='word_1_802' title='bbox 1567 1251 1595 1289; x_wconf 87' lang='lat'>3,</span> <span class='ocrx_word' id='word_1_803' title='bbox 1608 1250 1657 1281; x_wconf 88' lang='lat'>24.</span> <span class='ocrx_word' id='word_1_804' title='bbox 1700 1252 1780 1282; x_wconf 88' lang='lat' dir='ltr'>Vide</span> <span class='ocrx_word' id='word_1_805' title='bbox 1797 1257 1834 1282; x_wconf 80' lang='lat' dir='ltr'>ut</span> <span class='ocrx_word' id='word_1_806' title='bbox 1853 1253 1926 1283; x_wconf 73' lang='lat' dir='ltr'>ocio-</span> 
     </span>
     <span class='ocr_line' id='line_1_157' title="bbox 1418 1289 1925 1329; baseline 0.006 -10"><span class='ocrx_word' id='word_1_807' title='bbox 1418 1299 1468 1319; x_wconf 80' lang='lat' dir='ltr'>sus</span> <span class='ocrx_word' id='word_1_808' title='bbox 1491 1291 1523 1320; x_wconf 84' lang='lat' dir='ltr'>it.</span> <span class='ocrx_word' id='word_1_809' title='bbox 1547 1289 1629 1320; x_wconf 89' lang='lat' dir='ltr'>Eun.</span> <span class='ocrx_word' id='word_1_810' title='bbox 1657 1301 1685 1321; x_wconf 82' lang='lat' dir='ltr'>v.</span> <span class='ocrx_word' id='word_1_811' title='bbox 1713 1290 1742 1329; x_wconf 89' lang='grc'>3,</span> <span class='ocrx_word' id='word_1_812' title='bbox 1766 1291 1811 1321; x_wconf 90' lang='grc'>10.</span> <span class='ocrx_word' id='word_1_813' title='bbox 1854 1291 1925 1322; x_wconf 86' lang='lat' dir='ltr'>Dis-</span> 
     </span>
     <span class='ocr_line' id='line_1_158' title="bbox 1419 1328 1926 1361; baseline 0.008 -4"><span class='ocrx_word' id='word_1_814' title='bbox 1419 1328 1496 1358; x_wconf 89' lang='lat' dir='ltr'>solvi</span> <span class='ocrx_word' id='word_1_815' title='bbox 1524 1339 1574 1359; x_wconf 91' lang='lat' dir='ltr'>me</span> <span class='ocrx_word' id='word_1_816' title='bbox 1601 1330 1710 1360; x_wconf 73' lang='lat' dir='ltr'>otiosus</span> <span class='ocrx_word' id='word_1_817' title='bbox 1742 1340 1760 1360; x_wconf 93' lang='lat' dir='ltr'>o</span> <span class='ocrx_word' id='word_1_818' title='bbox 1797 1337 1863 1360; x_wconf 74' lang='lat' dir='ltr'>rum</span> <span class='ocrx_word' id='word_1_819' title='bbox 1889 1336 1926 1361; x_wconf 88' lang='lat' dir='ltr'>ut</span> 
     </span>
     <span class='ocr_line' id='line_1_159' title="bbox 1419 1368 1923 1406; baseline 0.008 -10"><span class='ocrx_word' id='word_1_820' title='bbox 1419 1368 1474 1397; x_wconf 85' lang='lat' dir='ltr'>tibi</span> <span class='ocrx_word' id='word_1_821' title='bbox 1496 1368 1608 1399; x_wconf 79' lang='lat' dir='ltr'>darem.</span> <span class='ocrx_word' id='word_1_822' title='bbox 1632 1369 1746 1399; x_wconf 75' lang='lat' dir='ltr'>Heaut.</span> <span class='ocrx_word' id='word_1_823' title='bbox 1766 1370 1809 1400; x_wconf 81' lang='lat' dir='ltr'>iii.</span> <span class='ocrx_word' id='word_1_824' title='bbox 1834 1368 1861 1406; x_wconf 95' lang='lat'>1,</span> <span class='ocrx_word' id='word_1_825' title='bbox 1875 1369 1923 1400; x_wconf 78' lang='lat'>99.</span> 
     </span>
     <span class='ocr_line' id='line_1_160' title="bbox 1419 1407 1926 1443; baseline 0.008 -8"><span class='ocrx_word' id='word_1_826' title='bbox 1419 1407 1569 1443; x_wconf 81' lang='lat' dir='ltr'>Quamvis</span> <span class='ocrx_word' id='word_1_827' title='bbox 1583 1408 1676 1438; x_wconf 79' lang='lat' dir='ltr'>etiam</span> <span class='ocrx_word' id='word_1_828' title='bbox 1691 1418 1800 1439; x_wconf 80' lang='lat' dir='ltr'>maneo</span> <span class='ocrx_word' id='word_1_829' title='bbox 1815 1409 1926 1439; x_wconf 65' lang='lat' dir='ltr'>otiosus</span> 
     </span>
     <span class='ocr_line' id='line_1_161' title="bbox 1418 1446 1925 1485; baseline 0.008 -10"><span class='ocrx_word' id='word_1_830' title='bbox 1418 1446 1476 1476; x_wconf 91' lang='lat' dir='ltr'>hic.</span> <span class='ocrx_word' id='word_1_831' title='bbox 1506 1446 1639 1485; x_wconf 85' lang='lat' dir='ltr'>Adelph.</span> <span class='ocrx_word' id='word_1_832' title='bbox 1655 1448 1688 1478; x_wconf 90' lang='lat' dir='ltr'>ii.</span> <span class='ocrx_word' id='word_1_833' title='bbox 1703 1448 1732 1482; x_wconf 78' lang='lat'>4.</span> <span class='ocrx_word' id='word_1_834' title='bbox 1752 1447 1797 1478; x_wconf 85' lang='lat'>15.</span> <span class='ocrx_word' id='word_1_835' title='bbox 1841 1448 1925 1479; x_wconf 63' lang='lat' dir='ltr'>Otio-</span> 
     </span>
     <span class='ocr_line' id='line_1_162' title="bbox 1417 1485 1925 1553; baseline 0.006 -39"><span class='ocrx_word' id='word_1_836' title='bbox 1417 1495 1482 1553; x_wconf 47' lang='lat' dir='ltr'>{essm</span> <span class='ocrx_word' id='word_1_837' title='bbox 1501 1485 1539 1515; x_wconf 72' lang='lat' dir='ltr'>ab</span> <span class='ocrx_word' id='word_1_838' title='bbox 1555 1487 1669 1517; x_wconf 83' lang='lat' dir='ltr'>animo.</span> <span class='ocrx_word' id='word_1_839' title='bbox 1705 1487 1830 1517; x_wconf 84' lang='lat' dir='ltr'>Phorm.</span> <span class='ocrx_word' id='word_1_840' title='bbox 1844 1488 1879 1518; x_wconf 81' lang='lat' dir='ltr'>ii.</span> <span class='ocrx_word' id='word_1_841' title='bbox 1893 1487 1925 1526; x_wconf 88' lang='lat'>2,</span> 
     </span>
     <span class='ocr_line' id='line_1_163' title="bbox 1456 1563 1924 1599; baseline 0.006 -6"><span class='ocrx_word' id='word_1_842' title='bbox 1456 1564 1560 1599; x_wconf 84' lang='lat' dir='ltr'>otium]</span> <span class='ocrx_word' id='word_1_843' title='bbox 1581 1563 1683 1594; x_wconf 87' lang='lat' dir='ltr'>Viden</span> <span class='ocrx_word' id='word_1_844' title='bbox 1693 1565 1784 1595; x_wconf 77' lang='lat' dir='ltr'>otium</span> <span class='ocrx_word' id='word_1_845' title='bbox 1798 1568 1829 1595; x_wconf 85' lang='lat' dir='ltr'>et</span> <span class='ocrx_word' id='word_1_846' title='bbox 1838 1566 1924 1596; x_wconf 81' lang='lat' dir='ltr'>cibus</span> 
     </span>
     <span class='ocr_line' id='line_1_164' title="bbox 1439 1603 1922 1635; baseline 0.008 -4"><span class='ocrx_word' id='word_1_847' title='bbox 1439 1603 1491 1632; x_wconf 87' lang='lat' dir='ltr'>uid</span> <span class='ocrx_word' id='word_1_848' title='bbox 1514 1603 1604 1633; x_wconf 76' lang='lat' dir='ltr'>faeiat</span> <span class='ocrx_word' id='word_1_849' title='bbox 1627 1603 1755 1634; x_wconf 76' lang='lat' dir='ltr'>alienus.</span> <span class='ocrx_word' id='word_1_850' title='bbox 1785 1604 1866 1635; x_wconf 73' lang='lat' dir='ltr'>Eun.</span> <span class='ocrx_word' id='word_1_851' title='bbox 1890 1605 1922 1635; x_wconf 85' lang='lat' dir='ltr'>ii.</span> 
     </span>
     <span class='ocr_line' id='line_1_165' title="bbox 1440 1641 1923 1678; baseline 0.008 -7"><span class='ocrx_word' id='word_1_852' title='bbox 1440 1664 1448 1678; x_wconf 90' lang='lat'>‚</span> <span class='ocrx_word' id='word_1_853' title='bbox 1473 1641 1519 1672; x_wconf 80' lang='lat'>34.</span> <span class='ocrx_word' id='word_1_854' title='bbox 1563 1643 1738 1673; x_wconf 79' lang='lat' dir='ltr'>Tantumne</span> <span class='ocrx_word' id='word_1_855' title='bbox 1761 1648 1807 1674; x_wconf 86' lang='lat' dir='ltr'>est</span> <span class='ocrx_word' id='word_1_856' title='bbox 1831 1645 1870 1674; x_wconf 68' lang='lat' dir='ltr'>nb</span> <span class='ocrx_word' id='word_1_857' title='bbox 1890 1650 1923 1675; x_wconf 66' lang='lat' dir='ltr'>re</span> 
     </span>
     <span class='ocr_line' id='line_1_166' title="bbox 1418 1681 1921 1720; baseline 0.006 -10"><span class='ocrx_word' id='word_1_858' title='bbox 1418 1684 1485 1710; x_wconf 87' lang='lat' dir='ltr'>tuas</span> <span class='ocrx_word' id='word_1_859' title='bbox 1499 1681 1541 1710; x_wconf 78' lang='lat' dir='ltr'>oti</span> <span class='ocrx_word' id='word_1_860' title='bbox 1555 1682 1637 1712; x_wconf 78' lang='lat' dir='ltr'>tibi?</span> <span class='ocrx_word' id='word_1_861' title='bbox 1664 1682 1778 1713; x_wconf 77' lang='lat' dir='ltr'>Heaut.</span> <span class='ocrx_word' id='word_1_862' title='bbox 1794 1683 1814 1712; x_wconf 87' lang='lat' dir='ltr'>i.</span> <span class='ocrx_word' id='word_1_863' title='bbox 1832 1682 1859 1720; x_wconf 87' lang='lat' dir='ltr'>l,</span> <span class='ocrx_word' id='word_1_864' title='bbox 1873 1683 1921 1714; x_wconf 84' lang='lat'>23.</span> 
     </span>
     <span class='ocr_line' id='line_1_167' title="bbox 1420 1719 1922 1762; baseline 0.01 -14"><span class='ocrx_word' id='word_1_865' title='bbox 1420 1719 1523 1749; x_wconf 77' lang='lat' dir='ltr'>Otium</span> <span class='ocrx_word' id='word_1_866' title='bbox 1537 1725 1659 1751; x_wconf 84' lang='lat' dir='ltr'>secutus</span> <span class='ocrx_word' id='word_1_867' title='bbox 1675 1731 1753 1751; x_wconf 87' lang='lat' dir='ltr'>sum.</span> <span class='ocrx_word' id='word_1_868' title='bbox 1790 1720 1922 1762; x_wconf 86' lang='lat' dir='ltr'>Adelph.</span> 
     </span>
     <span class='ocr_line' id='line_1_168' title="bbox 1418 1758 1924 1795; baseline 0.008 -8"><span class='ocrx_word' id='word_1_869' title='bbox 1418 1759 1438 1787; x_wconf 89' lang='lat' dir='ltr'>i.</span> <span class='ocrx_word' id='word_1_870' title='bbox 1466 1758 1492 1795; x_wconf 92' lang='lat' dir='ltr'>l,</span> <span class='ocrx_word' id='word_1_871' title='bbox 1519 1759 1565 1791; x_wconf 87' lang='lat'>17.</span> <span class='ocrx_word' id='word_1_872' title='bbox 1609 1760 1681 1790; x_wconf 88' lang='lat' dir='ltr'>Non</span> <span class='ocrx_word' id='word_1_873' title='bbox 1704 1759 1807 1790; x_wconf 84' lang='lat' dir='ltr'>hercle</span> <span class='ocrx_word' id='word_1_874' title='bbox 1828 1761 1924 1792; x_wconf 71' lang='lat' dir='ltr'>otium</span> 
     </span>
     <span class='ocr_line' id='line_1_169' title="bbox 1416 1799 1920 1832; baseline 0.008 -5"><span class='ocrx_word' id='word_1_875' title='bbox 1416 1802 1461 1827; x_wconf 87' lang='lat' dir='ltr'>est</span> <span class='ocrx_word' id='word_1_876' title='bbox 1495 1807 1576 1828; x_wconf 89' lang='lat' dir='ltr'>nunc</span> <span class='ocrx_word' id='word_1_877' title='bbox 1605 1799 1684 1829; x_wconf 80' lang='lat' dir='ltr'>mihi</span> <span class='ocrx_word' id='word_1_878' title='bbox 1718 1799 1920 1832; x_wconf 62' lang='lat' dir='ltr'>auscultandi.</span> 
     </span>
     <span class='ocr_line' id='line_1_170' title="bbox 1418 1836 1923 1884; baseline 0.008 -18"><span class='ocrx_word' id='word_1_879' title='bbox 1418 1836 1550 1876; x_wconf 87' lang='lat' dir='ltr'>Adelph.</span> <span class='ocrx_word' id='word_1_880' title='bbox 1567 1838 1611 1884; x_wconf 56' lang='lat' dir='ltr'>iii:</span> <span class='ocrx_word' id='word_1_881' title='bbox 1626 1838 1656 1875; x_wconf 87' lang='lat'>3,</span> <span class='ocrx_word' id='word_1_882' title='bbox 1670 1838 1719 1884; x_wconf 80' lang='lat'>65.</span> <span class='ocrx_word' id='word_1_883' title='bbox 1761 1838 1821 1870; x_wconf 82' lang='lat' dir='ltr'>Ille</span> <span class='ocrx_word' id='word_1_884' title='bbox 1834 1848 1923 1870; x_wconf 73' lang='lat' dir='ltr'>suam</span> 
     </span>
     <span class='ocr_line' id='line_1_171' title="bbox 1416 1881 1922 1955; baseline 0.006 -11"><span class='ocrx_word' id='word_1_885' title='bbox 1416 1885 1548 1955; x_wconf 59' lang='lat' dir='ltr'>fflffi.</span> <span class='ocrx_word' id='word_1_886' title='bbox 1566 1882 1842 1953; x_wconf 43' lang='lat' dir='ltr'>&amp;wfmuffin</span> <span class='ocrx_word' id='word_1_887' title='bbox 1851 1881 1922 1947; x_wconf 56' lang='lat'>⁰3:³5</span> 
     </span>
     <span class='ocr_line' id='line_1_172' title="bbox 1415 1956 1920 2025; baseline 0.006 -3"><span class='ocrx_word' id='word_1_888' title='bbox 1415 1959 1492 2022; x_wconf 47' lang='grc' dir='ltr'>*ἔω</span> <span class='ocrx_word' id='word_1_889' title='bbox 1512 1956 1771 2024; x_wconf 57' lang='grc' dir='ltr'>Ξῖῗ“ιὲ““ῗ““ἲεῖ“</span> <span class='ocrx_word' id='word_1_890' title='bbox 1787 1957 1920 2025; x_wconf 55' lang='grc' dir='ltr'>’ὲῖῗἭ</span> 
     </span>
     <span class='ocr_line' id='line_1_173' title="bbox 1450 2003 1921 2026; baseline 0.004 -3"><span class='ocrx_word' id='word_1_891' title='bbox 1450 2003 1492 2023; x_wconf 84' lang='lat' dir='ltr'>ec.</span> <span class='ocrx_word' id='word_1_892' title='bbox 1571 2017 1578 2024; x_wconf 93' lang='lat'>.</span> <span class='ocrx_word' id='word_1_893' title='bbox 1624 2004 1656 2024; x_wconf 85' lang='lat' dir='ltr'>ro</span> <span class='ocrx_word' id='word_1_894' title='bbox 1671 2017 1678 2024; x_wconf 97' lang='lat'>.</span> <span class='ocrx_word' id='word_1_895' title='bbox 1744 2017 1751 2025; x_wconf 90' lang='lat'>.</span> <span class='ocrx_word' id='word_1_896' title='bbox 1840 2005 1868 2024; x_wconf 91' lang='lat' dir='ltr'>m</span> <span class='ocrx_word' id='word_1_897' title='bbox 1906 2006 1921 2026; x_wconf 88' lang='lat' dir='ltr'>s</span> 
     </span>
     <span class='ocr_line' id='line_1_174' title="bbox 1415 2034 1922 2072; baseline 0.008 -11"><span class='ocrx_word' id='word_1_898' title='bbox 1415 2037 1530 2062; x_wconf 87' lang='lat' dir='ltr'>vestros</span> <span class='ocrx_word' id='word_1_899' title='bbox 1543 2034 1697 2072; x_wconf 71' lang='lat' dir='ltr'>otiumque</span> <span class='ocrx_word' id='word_1_900' title='bbox 1710 2037 1746 2063; x_wconf 85' lang='lat' dir='ltr'>ut</span> <span class='ocrx_word' id='word_1_901' title='bbox 1760 2038 1864 2064; x_wconf 75' lang='lat' dir='ltr'>nostra</span> <span class='ocrx_word' id='word_1_902' title='bbox 1873 2042 1922 2065; x_wconf 78' lang='lat' dir='ltr'>res</span> 
     </span>
     <span class='ocr_line' id='line_1_175' title="bbox 1435 2072 1920 2110; baseline 0.008 -10"><span class='ocrx_word' id='word_1_903' title='bbox 1435 2076 1513 2101; x_wconf 87' lang='lat' dir='ltr'>osset</span> <span class='ocrx_word' id='word_1_904' title='bbox 1533 2073 1618 2110; x_wconf 79' lang='lat' dir='ltr'>patri.</span> <span class='ocrx_word' id='word_1_905' title='bbox 1661 2073 1738 2102; x_wconf 85' lang='lat' dir='ltr'>Hec.</span> <span class='ocrx_word' id='word_1_906' title='bbox 1764 2073 1797 2102; x_wconf 89' lang='lat' dir='ltr'>ii.</span> <span class='ocrx_word' id='word_1_907' title='bbox 1821 2072 1848 2110; x_wconf 94' lang='lat' dir='ltr'>l,</span> <span class='ocrx_word' id='word_1_908' title='bbox 1869 2073 1920 2105; x_wconf 78' lang='lat'>28.</span> 
     </span>
     <span class='ocr_line' id='line_1_176' title="bbox 1443 2111 1919 2144; baseline 0.008 -5"><span class='ocrx_word' id='word_1_909' title='bbox 1443 2111 1584 2141; x_wconf 78' lang='lat' dir='ltr'>ransdere</span> <span class='ocrx_word' id='word_1_910' title='bbox 1598 2111 1756 2141; x_wconf 87' lang='lat' dir='ltr'>hominem</span> <span class='ocrx_word' id='word_1_911' title='bbox 1770 2112 1803 2141; x_wconf 85' lang='lat' dir='ltr'>in</span> <span class='ocrx_word' id='word_1_912' title='bbox 1816 2112 1919 2144; x_wconf 68' lang='lat' dir='ltr'>atiani.</span> 
     </span>
     <span class='ocr_line' id='line_1_177' title="bbox 1414 2148 1921 2181; baseline 0.006 -3"><span class='ocrx_word' id='word_1_913' title='bbox 1414 2148 1538 2179; x_wconf 90' lang='lat' dir='ltr'>Phorm.</span> <span class='ocrx_word' id='word_1_914' title='bbox 1564 2149 1646 2179; x_wconf 83' lang='lat' dir='ltr'>Ptol.</span> <span class='ocrx_word' id='word_1_915' title='bbox 1668 2149 1696 2180; x_wconf 84' lang='lat'>2.</span> <span class='ocrx_word' id='word_1_916' title='bbox 1753 2150 1856 2180; x_wconf 71' lang='lat' dir='ltr'>Otium</span> <span class='ocrx_word' id='word_1_917' title='bbox 1881 2151 1921 2181; x_wconf 71' lang='lat' dir='ltr'>ab</span> 
     </span>
     <span class='ocr_line' id='line_1_178' title="bbox 1413 2188 1920 2227; baseline 0.008 -11"><span class='ocrx_word' id='word_1_918' title='bbox 1413 2188 1537 2218; x_wconf 81' lang='lat' dir='ltr'>senibus</span> <span class='ocrx_word' id='word_1_919' title='bbox 1558 2189 1595 2217; x_wconf 80' lang='lat' dir='ltr'>ad</span> <span class='ocrx_word' id='word_1_920' title='bbox 1618 2189 1785 2227; x_wconf 72' lang='lat' dir='ltr'>potandum</span> <span class='ocrx_word' id='word_1_921' title='bbox 1808 2193 1844 2219; x_wconf 87' lang='lat' dir='ltr'>ut</span> <span class='ocrx_word' id='word_1_922' title='bbox 1866 2190 1920 2220; x_wconf 67' lang='lat' dir='ltr'>hn-</span> 
     </span>
     <span class='ocr_line' id='line_1_179' title="bbox 1413 2226 1788 2264; baseline 0.005 -9"><span class='ocrx_word' id='word_1_923' title='bbox 1413 2226 1509 2256; x_wconf 78' lang='lat' dir='ltr'>besm.</span> <span class='ocrx_word' id='word_1_924' title='bbox 1533 2226 1657 2256; x_wconf 82' lang='lat' dir='ltr'>Phorm.</span> <span class='ocrx_word' id='word_1_925' title='bbox 1672 2237 1701 2257; x_wconf 78' lang='lat' dir='ltr'>v.</span> <span class='ocrx_word' id='word_1_926' title='bbox 1718 2226 1746 2264; x_wconf 90' lang='lat'>5,</span> <span class='ocrx_word' id='word_1_927' title='bbox 1761 2227 1788 2257; x_wconf 90' lang='lat'>4.</span> 
     </span>
     <span class='ocr_line' id='line_1_180' title="bbox 1413 2265 1918 2336; baseline 0.008 -42"><span class='ocrx_word' id='word_1_928' title='bbox 1413 2303 1440 2332; x_wconf 82' lang='lat' dir='ltr'>E</span> <span class='ocrx_word' id='word_1_929' title='bbox 1451 2266 1525 2300; x_wconf 80' lang='lat' dir='ltr'>ovis]</span> <span class='ocrx_word' id='word_1_930' title='bbox 1537 2265 1713 2334; x_wconf 50' lang='grc' dir='ltr'>Ιῖιρῖιδουεῶη</span> <span class='ocrx_word' id='word_1_931' title='bbox 1724 2267 1918 2336; x_wconf 56' lang='grc' dir='ltr'>οοιιιιωιῗὶίἱῒὶ.</span> 
     </span>
     <span class='ocr_line' id='line_1_181' title="bbox 1443 2314 1920 2341; baseline 0.01 -9"><span class='ocrx_word' id='word_1_932' title='bbox 1443 2314 1537 2333; x_wconf 87' lang='lat' dir='ltr'>un.v.</span> <span class='ocrx_word' id='word_1_933' title='bbox 1575 2328 1582 2341; x_wconf 93' lang='lat'><em>‚</em></span> <span class='ocrx_word' id='word_1_934' title='bbox 1638 2328 1645 2334; x_wconf 91' lang='lat'>.</span> <span class='ocrx_word' id='word_1_935' title='bbox 1701 2315 1750 2334; x_wconf 82' lang='lat' dir='ltr'>am</span> <span class='ocrx_word' id='word_1_936' title='bbox 1797 2315 1842 2335; x_wconf 72' lang='lat' dir='ltr'>eei</span> <span class='ocrx_word' id='word_1_937' title='bbox 1888 2316 1920 2337; x_wconf 89' lang='lat' dir='ltr'>m</span> 
     </span>
    </p>
   </div>
   <div class='ocr_carea' id='block_1_11' title="bbox 1431 2344 1917 2411">
    <p class='ocr_par' dir='ltr' id='par_1_26' title="bbox 1431 2344 1917 2411">
     <span class='ocr_line' id='line_1_182' title="bbox 1431 2344 1917 2411; baseline 0.012 -40"><span class='ocrx_word' id='word_1_938' title='bbox 1431 2353 1502 2411; x_wconf 58' lang='grc' dir='ltr'>ιιιίιέι</span> <span class='ocrx_word' id='word_1_939' title='bbox 1511 2353 1592 2373; x_wconf 87' lang='lat' dir='ltr'>ovem</span> <span class='ocrx_word' id='word_1_940' title='bbox 1606 2344 1707 2374; x_wconf 88' lang='lat' dir='ltr'>reddo.</span> <span class='ocrx_word' id='word_1_941' title='bbox 1731 2344 1761 2374; x_wconf 87' lang='lat' dir='ltr'>A</span> <span class='ocrx_word' id='word_1_942' title='bbox 1783 2345 1917 2384; x_wconf 61' lang='lat' dir='ltr'>elphdv.</span> 
     </span>
    </p>
   </div>
   <div class='ocr_carea' id='block_1_12' title="bbox 1403 2459 1916 3002">
    <p class='ocr_par' dir='ltr' id='par_1_27' title="bbox 1404 2459 1916 2809">
     <span class='ocr_line' id='line_1_183' title="bbox 1450 2459 1916 2500; baseline 0.006 -11"><span class='ocrx_word' id='word_1_943' title='bbox 1450 2459 1592 2495; x_wconf 82' lang='lat' dir='ltr'>Pactum]</span> <span class='ocrx_word' id='word_1_944' title='bbox 1618 2460 1664 2490; x_wconf 88' lang='lat' dir='ltr'>Eo</span> <span class='ocrx_word' id='word_1_945' title='bbox 1673 2463 1772 2500; x_wconf 80' lang='lat' dir='ltr'>paeto.</span> <span class='ocrx_word' id='word_1_946' title='bbox 1795 2460 1879 2492; x_wconf 80' lang='lat' dir='ltr'>And.</span> <span class='ocrx_word' id='word_1_947' title='bbox 1893 2462 1916 2492; x_wconf 86' lang='lat' dir='ltr'>i.</span> 
     </span>
     <span class='ocr_line' id='line_1_184' title="bbox 1414 2497 1915 2538; baseline 0.008 -11"><span class='ocrx_word' id='word_1_948' title='bbox 1414 2497 1492 2535; x_wconf 85' lang='lat' dir='ltr'>l‚22.</span> <span class='ocrx_word' id='word_1_949' title='bbox 1508 2499 1539 2528; x_wconf 95' lang='lat' dir='ltr'>N</span> <span class='ocrx_word' id='word_1_950' title='bbox 1541 2499 1645 2529; x_wconf 89' lang='lat' dir='ltr'>ullone</span> <span class='ocrx_word' id='word_1_951' title='bbox 1654 2523 1661 2529; x_wconf 94' lang='lat'>.</span> <span class='ocrx_word' id='word_1_952' title='bbox 1674 2522 1682 2530; x_wconf 94' lang='lat'>.</span> <span class='ocrx_word' id='word_1_953' title='bbox 1695 2523 1703 2529; x_wconf 90' lang='lat'>.</span> <span class='ocrx_word' id='word_1_954' title='bbox 1710 2501 1822 2538; x_wconf 75' lang='lat' dir='ltr'>pacto?</span> <span class='ocrx_word' id='word_1_955' title='bbox 1835 2501 1915 2531; x_wconf 71' lang='lat' dir='ltr'>And.</span> 
     </span>
     <span class='ocr_line' id='line_1_185' title="bbox 1410 2537 1914 2577; baseline 0.008 -11"><span class='ocrx_word' id='word_1_956' title='bbox 1410 2537 1430 2566; x_wconf 86' lang='lat' dir='ltr'>i.</span> <span class='ocrx_word' id='word_1_957' title='bbox 1443 2537 1472 2573; x_wconf 91' lang='lat'>5,</span> <span class='ocrx_word' id='word_1_958' title='bbox 1485 2537 1530 2568; x_wconf 88' lang='grc'>12.</span> <span class='ocrx_word' id='word_1_959' title='bbox 1574 2538 1649 2568; x_wconf 89' lang='lat' dir='ltr'>Alio</span> <span class='ocrx_word' id='word_1_960' title='bbox 1658 2542 1758 2577; x_wconf 79' lang='lat' dir='ltr'>pacto.</span> <span class='ocrx_word' id='word_1_961' title='bbox 1780 2539 1863 2569; x_wconf 76' lang='lat' dir='ltr'>And.</span> <span class='ocrx_word' id='word_1_962' title='bbox 1874 2538 1914 2570; x_wconf 86' lang='lat' dir='ltr'>iv.</span> 
     </span>
     <span class='ocr_line' id='line_1_186' title="bbox 1410 2576 1914 2613; baseline 0.006 -8"><span class='ocrx_word' id='word_1_963' title='bbox 1410 2576 1438 2612; x_wconf 90' lang='lat'>4,</span> <span class='ocrx_word' id='word_1_964' title='bbox 1461 2576 1508 2607; x_wconf 89' lang='lat'>53.</span> <span class='ocrx_word' id='word_1_965' title='bbox 1551 2577 1620 2613; x_wconf 83' lang='lat' dir='ltr'>Quo</span> <span class='ocrx_word' id='word_1_966' title='bbox 1729 2601 1736 2608; x_wconf 97' lang='lat'>.</span> <span class='ocrx_word' id='word_1_967' title='bbox 1766 2577 1848 2608; x_wconf 85' lang='lat' dir='ltr'>Eun.</span> <span class='ocrx_word' id='word_1_968' title='bbox 1869 2578 1914 2609; x_wconf 82' lang='lat' dir='ltr'>iii.</span> 
     </span>
     <span class='ocr_line' id='line_1_187' title="bbox 1412 2614 1914 2652; baseline 0.006 -8"><span class='ocrx_word' id='word_1_969' title='bbox 1412 2614 1498 2652; x_wconf 86' lang='lat' dir='ltr'>l,30.</span> <span class='ocrx_word' id='word_1_970' title='bbox 1542 2616 1611 2646; x_wconf 88' lang='lat' dir='ltr'>Hoc</span> <span class='ocrx_word' id='word_1_971' title='bbox 1681 2619 1720 2646; x_wconf 90' lang='lat' dir='ltr'>to.</span> <span class='ocrx_word' id='word_1_972' title='bbox 1743 2616 1914 2648; x_wconf 72' lang='lat' dir='ltr'>Heaut.iii.</span> 
     </span>
     <span class='ocr_line' id='line_1_188' title="bbox 1411 2653 1914 2702; baseline 0.008 -19"><span class='ocrx_word' id='word_1_973' title='bbox 1411 2654 1438 2700; x_wconf 78' lang='lat' dir='ltr'>l,</span> <span class='ocrx_word' id='word_1_974' title='bbox 1453 2653 1500 2685; x_wconf 88' lang='lat'>66.</span> <span class='ocrx_word' id='word_1_975' title='bbox 1544 2654 1677 2684; x_wconf 78' lang='lat' dir='ltr'>Istocine</span> <span class='ocrx_word' id='word_1_976' title='bbox 1687 2655 1800 2702; x_wconf 73' lang='lat' dir='ltr'>paeto?</span> <span class='ocrx_word' id='word_1_977' title='bbox 1822 2655 1914 2687; x_wconf 77' lang='lat' dir='ltr'>Adel.</span> 
     </span>
     <span class='ocr_line' id='line_1_189' title="bbox 1409 2693 1914 2778; baseline 0.006 -17"><span class='ocrx_word' id='word_1_978' title='bbox 1409 2693 1593 2769; x_wconf 45' lang='lat' dir='ltr'>iisg&#39;filii&#39;s,</span> <span class='ocrx_word' id='word_1_979' title='bbox 1606 2694 1807 2778; x_wconf 44' lang='grc' dir='ltr'>ξᾶῗιὲῑΐιῗι</span> <span class='ocrx_word' id='word_1_980' title='bbox 1820 2739 1840 2763; x_wconf 66' lang='lat' dir='ltr'>o</span> <span class='ocrx_word' id='word_1_981' title='bbox 1853 2718 1914 2764; x_wconf 62' lang='lat'>2116</span> 
     </span>
     <span class='ocr_line' id='line_1_190' title="bbox 1404 2770 1805 2809; baseline 0.005 -9"><span class='ocrx_word' id='word_1_982' title='bbox 1404 2774 1502 2809; x_wconf 82' lang='lat' dir='ltr'>pacto.</span> <span class='ocrx_word' id='word_1_983' title='bbox 1526 2771 1650 2800; x_wconf 88' lang='lat' dir='ltr'>Phorm.</span> <span class='ocrx_word' id='word_1_984' title='bbox 1666 2781 1699 2800; x_wconf 78' lang='lat' dir='ltr'>u.</span> <span class='ocrx_word' id='word_1_985' title='bbox 1715 2770 1743 2808; x_wconf 87' lang='lat' dir='ltr'>l,</span> <span class='ocrx_word' id='word_1_986' title='bbox 1757 2771 1805 2803; x_wconf 88' lang='lat'>71.</span> 
     </span>
    </p>

    <p class='ocr_par' dir='ltr' id='par_1_28' title="bbox 1403 2809 1914 3002">
     <span class='ocr_line' id='line_1_191' title="bbox 1442 2809 1914 2849; baseline 0.006 -12"><span class='ocrx_word' id='word_1_987' title='bbox 1442 2809 1649 2848; x_wconf 69' lang='lat' dir='ltr'>paedoyoyus]</span> <span class='ocrx_word' id='word_1_988' title='bbox 1689 2810 1769 2846; x_wconf 84' lang='lat' dir='ltr'>Quid</span> <span class='ocrx_word' id='word_1_989' title='bbox 1796 2810 1914 2849; x_wconf 78' lang='lat' dir='ltr'>paeda-</span> 
     </span>
     <span class='ocr_line' id='line_1_192' title="bbox 1403 2848 1914 2893; baseline 0.008 -17"><span class='ocrx_word' id='word_1_990' title='bbox 1403 2858 1496 2886; x_wconf 52' lang='lat' dir='ltr'>‚qoyus</span> <span class='ocrx_word' id='word_1_991' title='bbox 1519 2848 1572 2893; x_wconf 75' lang='lat' dir='ltr'>ille</span> <span class='ocrx_word' id='word_1_992' title='bbox 1599 2849 1660 2886; x_wconf 76' lang='lat' dir='ltr'>qui,</span> <span class='ocrx_word' id='word_1_993' title='bbox 1676 2849 1914 2880; x_wconf 69' lang='lat' dir='ltr'>either-istriam?</span> 
     </span>
     <span class='ocr_line' id='line_1_193' title="bbox 1409 2886 1913 3002; baseline 0.004 -48"><span class='ocrx_word' id='word_1_994' title='bbox 1409 2887 1569 2964; x_wconf 39' lang='lat' dir='ltr'>pssfflf.</span> <span class='ocrx_word' id='word_1_995' title='bbox 1584 2886 1696 2954; x_wconf 46' lang='lat' dir='ltr'>2133}ae</span> <span class='ocrx_word' id='word_1_996' title='bbox 1717 2925 1802 2956; x_wconf 71' lang='lat' dir='ltr'>musi</span> <span class='ocrx_word' id='word_1_997' title='bbox 1810 2927 1913 3002; x_wconf 47' lang='lat' dir='ltr'>{mm</span> 
     </span>
    </p>

    <p class='ocr_par' dir='ltr' id='par_1_29' title="bbox 1840 2974 1912 2996">
     <span class='ocr_line' id='line_1_194' title="bbox 1840 2974 1912 2996; baseline 0.014 -1"><span class='ocrx_word' id='word_1_998' title='bbox 1840 2974 1912 2996; x_wconf 68' lang='lat' dir='ltr'>uam</span> 
     </span>
    </p>
   </div>
   <div class='ocr_carea' id='block_1_13' title="bbox 848 3002 1912 3043">
    <p class='ocr_par' dir='ltr' id='par_1_30' title="bbox 848 3002 1912 3043">
     <span class='ocr_line' id='line_1_195' title="bbox 848 3002 1912 3043; baseline 0 -9"><span class='ocrx_word' id='word_1_999' title='bbox 848 3007 960 3043; x_wconf 74' lang='lat' dir='ltr'>nuptae</span> <span class='ocrx_word' id='word_1_1000' title='bbox 983 3002 1106 3033; x_wconf 89' lang='lat' dir='ltr'>mulieri</span> <span class='ocrx_word' id='word_1_1001' title='bbox 1131 3013 1163 3033; x_wconf 86' lang='lat' dir='ltr'>se</span> <span class='ocrx_word' id='word_1_1002' title='bbox 1182 3004 1352 3035; x_wconf 77' lang='lat' dir='ltr'>ostenderet.</span> <span class='ocrx_word' id='word_1_1003' title='bbox 1403 3013 1498 3042; x_wconf 83' lang='lat' dir='ltr'>paene</span> <span class='ocrx_word' id='word_1_1004' title='bbox 1512 3007 1566 3032; x_wconf 81' lang='lat' dir='ltr'>tua</span> <span class='ocrx_word' id='word_1_1005' title='bbox 1585 3011 1634 3032; x_wconf 90' lang='lat' dir='ltr'>me</span> <span class='ocrx_word' id='word_1_1006' title='bbox 1650 3003 1779 3041; x_wconf 85' lang='lat' dir='ltr'>perdidit</span> <span class='ocrx_word' id='word_1_1007' title='bbox 1797 3009 1912 3043; x_wconf 81' lang='lat' dir='ltr'>proter-</span> 
     </span>
    </p>
   </div>
   <div class='ocr_carea' id='block_1_14' title="bbox 851 3041 1076 3079">
    <p class='ocr_par' dir='ltr' id='par_1_31' title="bbox 851 3041 1076 3079">
     <span class='ocr_line' id='line_1_196' title="bbox 851 3041 1076 3079; baseline -0.009 -6"><span class='ocrx_word' id='word_1_1008' title='bbox 851 3043 925 3074; x_wconf 84' lang='lat' dir='ltr'>Hee.</span> <span class='ocrx_word' id='word_1_1009' title='bbox 942 3048 969 3073; x_wconf 77' lang='lat' dir='ltr'>v.</span> <span class='ocrx_word' id='word_1_1010' title='bbox 988 3041 1014 3079; x_wconf 88' lang='lat'>1,</span> <span class='ocrx_word' id='word_1_1011' title='bbox 1029 3041 1076 3071; x_wconf 84' lang='lat'>30.</span> 
     </span>
    </p>
   </div>
   <div class='ocr_carea' id='block_1_15' title="bbox 1408 3041 1912 3080">
    <p class='ocr_par' dir='ltr' id='par_1_32' title="bbox 1408 3041 1912 3080">
     <span class='ocr_line' id='line_1_197' title="bbox 1408 3041 1912 3080; baseline 0.004 -9"><span class='ocrx_word' id='word_1_1012' title='bbox 1408 3043 1494 3073; x_wconf 77' lang='lat' dir='ltr'>vitas.</span> <span class='ocrx_word' id='word_1_1013' title='bbox 1518 3041 1631 3071; x_wconf 85' lang='lat' dir='ltr'>Heaut.</span> <span class='ocrx_word' id='word_1_1014' title='bbox 1641 3042 1681 3072; x_wconf 87' lang='lat' dir='ltr'>iv.</span> <span class='ocrx_word' id='word_1_1015' title='bbox 1692 3042 1721 3080; x_wconf 89' lang='lat'>6,</span> <span class='ocrx_word' id='word_1_1016' title='bbox 1732 3041 1777 3073; x_wconf 88' lang='grc'>10.</span> <span class='ocrx_word' id='word_1_1017' title='bbox 1805 3043 1912 3076; x_wconf 66' lang='lat' dir='ltr'>Poeno</span> 
     </span>
    </p>
   </div>
   <div class='ocr_carea' id='block_1_16' title="bbox 2010 1804 2018 1866">
    <p class='ocr_par' dir='ltr' id='par_1_33' title="bbox 2010 1804 2018 1866">
     <span class='ocr_line' id='line_1_198' title="bbox 2015 1804 2017 1819; baseline 0 0"><span class='ocrx_word' id='word_1_1018' title='bbox 2015 1804 2017 1819; x_wconf 74' lang='grc'><strong>4</strong></span> 
     </span>
     <span class='ocr_line' id='line_1_199' title="bbox 2012 1823 2018 1849; baseline 0 -6"><span class='ocrx_word' id='word_1_1019' title='bbox 2012 1823 2018 1849; x_wconf 71' lang='lat' dir='ltr'>l</span> 
     </span>
     <span class='ocr_line' id='line_1_200' title="bbox 2010 1849 2017 1866; baseline 0 -2"><span class='ocrx_word' id='word_1_1020' title='bbox 2010 1849 2017 1866; x_wconf 72' lang='grc' dir='ltr'>,ι</span> 
     </span>
    </p>
   </div>
   <div class='ocr_carea' id='block_1_17' title="bbox 2014 1963 2017 1981">
    <p class='ocr_par' dir='ltr' id='par_1_34' title="bbox 2014 1963 2017 1981">
     <span class='ocr_line' id='line_1_201' title="bbox 2014 1963 2017 1981; baseline 0 0"><span class='ocrx_word' id='word_1_1021' title='bbox 2014 1963 2017 1981; x_wconf 71' lang='lat'>³</span> 
     </span>
    </p>
   </div>
   <div class='ocr_carea' id='block_1_18' title="bbox 1979 1984 2020 3412">
    <p class='ocr_par' dir='ltr' id='par_1_35' title="bbox 1979 1984 2020 3412">
     <span class='ocr_line' id='line_1_202' title="bbox 1979 1984 2020 3412; baseline 0 0"><span class='ocrx_word' id='word_1_1022' title='bbox 1979 1984 2020 3412; x_wconf 95' lang='lat' dir='ltr'> </span> 
     </span>
    </p>
   </div>
  </div>
 </body>
</html>
