2020 3412
279 279 364 323 550

283 395 304 424 i.
320 393 349 430 2,
361 393 409 428 57.
441 393 600 424 Continuo
614 393 664 423 hic
679 403 710 423 ee
723 403 789 423 con-

275 432 347 472 jicit
367 434 457 463 intro.
501 432 614 462 Heaut.
636 433 669 462 ii.
692 432 721 469 3,
741 431 788 462 36.

287 472 338 503 Ne
362 481 412 502 me
440 472 474 501 in
500 471 649 501 laetitiam
680 472 792 501 frustra

285 510 432 550 conjicias.
475 511 588 540 Heaut.
623 511 656 540 ii.
685 511 714 546 3,
740 509 789 540 51.

290 550 339 580 Ne
372 560 422 579 me
457 550 489 579 in
530 551 621 579 breve
654 549 793 588 conjicias

289 595 410 627 tempus
424 589 533 628 gaudio
554 588 611 617 hoc
632 588 708 617 falso
722 588 792 617 frui.

289 628 366 658 Hec.
382 639 410 658 v.
433 629 463 664 4,
481 627 510 658 2.
553 628 636 656 Hinc
656 638 707 656 me
727 637 794 665 pro-

289 668 390 696 tinam
423 666 594 706 conjicerem
621 667 655 695 in
695 667 795 705 pedes.

290 706 415 751 Phorm.
432 707 451 735 i.
469 707 497 741 4,
515 704 559 734 13.
620 743 627 750 ⁸

290 743 696 813 ..fflssffzzzlnfwss-:i
709 742 795 819 ἐξὲξ.

329 822 507 862 conjuratio]
530 822 620 859 Quod
632 822 689 851 hoc
702 831 798 861 genus

291 866 347 898 est,
363 872 439 900 quae
454 861 527 891 haec
548 866 594 891 est
607 860 772 900 conjuratio
785 860 798 890 ?

294 900 372 930 Hec.
389 902 421 930 ii.
439 899 466 936 l,
484 900 509 930 l.

331 939 436 979 conor]
461 940 634 978 Quicquam
659 943 689 969 te
711 938 798 968 falla—

292 979 354 1008 ciae
380 980 494 1008 conari.
531 979 612 1008 And.
641 978 662 1007 i.
690 977 720 1014 2,
748 977 796 1007 26.

293 1017 398 1056 Egone
425 1018 504 1047 istuc
530 1018 636 1046 conari
662 1019 797 1056 queam?

293 1057 376 1086 And.
393 1058 412 1086 i.
429 1056 519 1093 5‚›.⁹›5.
563 1056 681 1087 Conari
699 1057 797 1085 mani-

293 1097 360 1132 bus,
375 1097 512 1135 pedibus.
536 1095 618 1124 And.
634 1096 674 1124 iv.
701 1095 727 1132 l,
748 1094 796 1124 52.

293 1134 381 1164 Dum
404 1135 587 1170 moliuntur,
602 1135 675 1163 dum
689 1144 797 1164 conan-

292 1177 352 1211 tur,
364 1184 462 1203 annus
471 1179 524 1203 est.
538 1173 652 1202 Heaut.
665 1174 697 1202 ii.
707 1173 736 1207 2,
751 1171 796 1202 12.

293 1212 406 1281 Αῢῖθξο
419 1213 538 1242 obviam
549 1212 687 1242 conabar.
704 1211 796 1241 Phor.

292 1262 313 1282 1.
351 1275 359 1287 ,
391 1275 398 1282 .

331 1291 508 1331 conqueror]
527 1290 635 1329 Neque
653 1300 725 1320 voce
739 1289 798 1319 alia

293 1353 319 1399 .3.
333 1335 471 1397 .lp50te1·at
483 1330 630 1369 conqueri.
654 1329 731 1359 Hec.
754 1330 796 1359 iii.

316 1392 323 1405 ,
379 1392 385 1399 .

331 1407 483 1446 conrado]
521 1407 650 1438 conrasi
683 1407 795 1436 omnia.

293 1447 408 1477 Heaut.
424 1448 444 1476 i.
461 1446 488 1483 1,
501 1446 548 1476 89.
580 1447 682 1475 Minas
692 1447 797 1475 decem

292 1486 434 1515 conradet
447 1486 598 1515 alicunde.
616 1485 705 1514 Adel.
721 1486 752 1515 ii.
767 1484 797 1521 2,

294 1524 340 1554 34.
384 1525 423 1554 Ei
439 1525 527 1554 credo
542 1534 654 1554 munus
664 1524 721 1553 hoc
730 1533 797 1554 con-

292 1564 424 1594 raditur.
447 1564 572 1594 Phorm.
589 1564 608 1593 i.
627 1562 655 1600 l,
669 1562 696 1592 6.

331 1603 502 1641 conscinde]
548 1602 647 1641 Ipsam
689 1601 799 1640 capillo

292 1642 441 1673 conscidit.
457 1642 537 1672 Eun.
549 1642 589 1671 iv.
604 1641 634 1679 3,
647 1642 676 1671 4.
706 1641 800 1680 Virgo

293 1682 435 1711 conscissa
449 1686 542 1711 veste.
565 1681 645 1710 Eun.
662 1691 690 1710 v.
709 1679 736 1717 1,
751 1681 778 1710 4.

332 1719 478 1759 conscius]
513 1720 599 1756 Quae
626 1719 703 1748 mihi
732 1729 798 1748 sum

293 1761 419 1790 conscia.
444 1759 525 1789 Eun.
541 1760 561 1789 i.
582 1758 611 1795 2,
629 1757 693 1789 119.
738 1759 798 1788 Uhi

295 1799 427 1838 comperi
449 1808 488 1828 ex
513 1798 560 1834 iis,
585 1799 638 1837 qui
665 1798 751 1827 fuere
771 1797 800 1827 ei

294 1838 410 1868 conscii.
433 1838 548 1867 Heaut.
563 1838 582 1867 i.
604 1836 631 1873 1,
646 1837 694 1867 69.
737 1837 799 1874 Qui

296 1882 359 1906 tam
373 1877 493 1906 audacis
506 1876 648 1906 facinoris
667 1876 712 1905 mi
733 1886 801 1906 con·

295 1917 375 1946 scius
388 1916 437 1945 sis.
462 1916 586 1945 Phorm.
602 1916 623 1946 i.
640 1915 669 1952 3,
684 1915 712 1945 4.

335 1953 500 1994 consector]
536 1955 611 1984 Esse
637 1955 750 1993 primos
771 1963 802 1983 se

297 1995 436 2024 omnium
459 2004 562 2023 rerum
583 1993 714 2023 volunt:
747 1993 803 2023 hos

296 2036 451 2073 consector.
476 2033 556 2062 Eun.
571 2034 601 2062 ii.
617 2033 646 2070 2,
664 2032 709 2062 18.

301 2071 801 2150 .1fizme‘ss‘zzzlqfflwessssnissssfiffi.

295 2149 415 2179 Heaut.
431 2151 451 2179 i.
467 2149 496 2185 2,
517 2150 564 2180 35.
598 2150 698 2179 Hasce
717 2159 803 2178 orna-

283 2190 414 2218 —mentis
446 2198 529 2217 conse
549 2192 650 2218 uenter
682 2187 802 2217 alterae.

301 2227 414 2256 He‘aut.
431 2228 472 2256 iv.
487 2227 515 2263 7,
550 2250 557 2256 .
601 2227 697 2256 Recta
709 2236 804 2255 conse-

299 2275 383 2305 quor.
420 2265 496 2294 Hec.
525 2266 568 2294 iii.
599 2264 626 2301 3,
657 2264 704 2294 12.
754 2265 805 2294 Ex

300 2304 486 2342 aegritudine
497 2305 639 2333 miseram
650 2313 731 2333 mors
738 2313 806 2333 con-

300 2346 399 2372 secuta
412 2348 465 2372 est.
489 2343 613 2372 Phorm.
629 2353 657 2372 v.
675 2342 702 2378 l,
716 2341 764 2371 23.

340 2380 497 2421 conserva]
540 2381 668 2416 Summa
709 2382 807 2410 forma

302 2430 420 2460 semper
432 2430 601 2450 conservam
619 2420 702 2450 domi
723 2420 806 2449 vide-

304 2461 359 2490 bit.
402 2459 482 2489 Eun.
499 2460 530 2489 ii.
547 2459 575 2496 3,
590 2459 637 2491 74.

302 2526 306 2529 ,
343 2498 498 2538 conservo]
515 2497 704 2529 Consemvasti
716 2503 746 2527 te
763 2501 806 2526 at-

326 2548 365 2568 ue
387 2537 483 2568 illam.
509 2537 624 2567 Heaut.
646 2537 686 2566 iv.
710 2536 736 2573 1,
757 2536 805 2566 40.

331 2586 466 2648 οὲιεεέῗα,
487 2586 606 2616 quaere,
626 2585 721 2615 parce.
745 2575 806 2605 Ad.

304 2625 333 2646 v.
433 2638 441 2646 .

343 2639 514 2694 co'nservus]
567 2653 723 2685 Conservis
770 2653 808 2683 ad

305 2695 437 2724 eundem
452 2694 554 2723 istunc
574 2693 672 2732 praeci
695 2693 724 2722 io
741 2700 808 2722 mo-

306 2734 390 2763 dum.
415 2732 494 2762 Adel
517 2733 546 2761 h.
562 2732 606 2762 iii.
623 2731 651 2769 3,
685 2731 712 2762 0.

344 2772 495 2802 considero
532 2772 655 2801 Mecum
665 2771 697 2800 in
707 2770 809 2800 animo

304 2811 401 2840 vitam
415 2815 501 2840 tuam
513 2810 674 2840 considero.
696 2809 807 2840 Heaut.

307 2850 341 2880 ii.
355 2850 385 2886 4,
399 2849 426 2879 5.

345 2888 516 2927 consilium]
550 2887 583 2918 Si
607 2884 680 2926 quid
705 2886 811 2917 consili

306 2927 407 2963 habet,
442 2932 478 2956 ut
518 2932 676 2956 consumat
715 2936 806 2956 nunc.

308 2967 391 3002 Quid
410 2976 480 2996 cum
506 2965 562 2995 illo
584 2965 689 2995 consili
700 2969 807 3004 captet.

309 3005 393 3034 And.
409 3006 429 3035 i.
445 3004 470 3041 l,
482 3003 622 3040 132143.
640 3004 749 3043 Neque
759 3003 807 3042 pol

306 3043 410 3073 consili
435 3043 538 3073 locum
571 3043 679 3080 habeo,
710 3052 830 3082 neque3

988 278 1187 322 INDEX

840 403 955 471 ἓξὲξ]
971 392 1232 461 {23233};·0A¹f¹.‘{·..¹.¹.1
1255 390 1345 461 253:

843 472 924 500 And.
949 471 980 500 ii.
1009 470 1036 507 l,
1055 469 1103 500 36.
1146 470 1260 508 Facile,
1276 480 1344 499 cum

842 509 990 545 valemus,
1004 514 1086 539 recta
1098 509 1221 539 consilia
1246 519 1347 547 aem-o—

844 550 882 578 tis
897 549 1013 578 danius.
1031 549 1113 577 And.
1130 549 1161 578 ii.
1180 548 1208 584 1,
1223 548 1251 579 9.
1287 548 1348 577 Hic

844 588 948 617 reddes
963 589 1075 624 omnia,
1091 598 1166 625 quae
1181 597 1263 617 nunc
1277 594 1349 617 sunt

844 631 925 657 certa
951 628 978 656 ei
1006 627 1139 661 consilia,
1167 627 1283 656 incerta
1315 630 1350 656 ut

845 667 933 696 sient.
951 666 1033 695 And.
1048 666 1079 695 ii.
1094 666 1121 701 3,
1135 665 1180 695 16.
1217 666 1351 695 Intimus

846 710 891 735 est
912 715 1018 734 eorum
1042 704 1181 734 consiliis.
1205 705 1286 734 And.
1302 705 1347 734 iii.

847 745 875 780 3,
900 744 948 774 44.
993 744 1058 773 Vah
1084 744 1237 773 consilium
1265 743 1351 773 calli-

847 784 930 813 dum.
954 783 1036 812 And.
1053 784 1096 812 iii.
1113 784 1141 818 4,
1159 782 1203 812 10.
1247 783 1348 819 Quan-

847 823 1012 861 doquidem
1047 826 1110 851 tam
1142 822 1222 851 nulli
1249 821 1353 851 consili

848 872 916 891 sum
950 861 1033 891 And.
1057 862 1101 891 iii.
1127 861 1155 897 5,
1177 861 1204 891 2.
1248 861 1351 891 Consi-

848 900 924 930 lium
946 910 1065 938 quaem.
1091 900 1172 930 And.
1197 901 1236 930 iv.
1257 899 1287 936 2,
1306 900 1349 930 19.

849 940 988 978 Repudio
1013 940 1093 979 quod
1116 939 1269 969 consilium
1292 940 1351 978 pri-

848 989 935 1007 mum
949 979 1148 1008 intenderam.
1176 979 1253 1008 And.
1269 979 1308 1008 iv.
1321 977 1351 1015 3,

851 1017 895 1047 18.
945 1018 1030 1054 Quae
1058 1028 1105 1047 res
1133 1019 1165 1047 in
1193 1028 1225 1047 se
1252 1027 1300 1046 ηε(
1315 1027 1353 1047 ue

847 1056 1008 1093 consilium,
1031 1067 1131 1095 neque
1153 1057 1278 1086 moduni
1323 1066 1352 1085 a·

849 1096 899 1125 bet
928 1095 1037 1126 ullum.
1075 1096 1155 1126 Eun.
1184 1097 1204 1124 i.
1242 1095 1268 1131 1,
1305 1095 1351 1125 12.

848 1134 949 1164 Simul
965 1135 1117 1164 consilium
1131 1145 1201 1164 cum
1216 1144 1248 1164 re
1261 1135 1351 1163 amis-

848 1174 896 1203 ti?
930 1173 1012 1203 Eun.
1043 1175 1075 1203 ii.
1105 1173 1209 1210 2,710.
1265 1174 1351 1202 Nun—

847 1213 1032 1280 quamEvidi
1052 1211 1350 1281 'mqgjiugfongiliunz

868 1262 921 1281 an.
976 1262 1026 1281 un.
1050 1262 1081 1281 11.
1128 1275 1135 1288 ,
1197 1274 1204 1280 .
1273 1261 1350 1280 onst-

847 1290 922 1319 lium
942 1290 1012 1319 volo
1031 1300 1134 1330 capere
1154 1300 1216 1319 una
1239 1295 1349 1319 tecum.

848 1329 928 1359 Eun.
958 1330 1002 1358 iii.
1031 1330 1060 1366 5,
1089 1329 1135 1359 66.
1186 1329 1351 1360 Consilium

847 1367 925 1397 illud
940 1373 1059 1398 rectum
1073 1374 1127 1398 eet.
1152 1368 1232 1398 Eun.
1256 1369 1295 1397 iv,
1322 1367 1351 1403 7,

849 1406 909 1453 14.ι
939 1407 1046 1454 Neque
1061 1408 1133 1446 quid
1150 1418 1230 1437 nunc
1249 1407 1353 1436 consili

847 1445 1351 1522 ῗέἰῗῗᾰηὲἓίἒὶιᾶῗῗὲυἶωῗῑειῗεῗζ

847 1530 900 1553 aut
915 1534 946 1554 re
957 1525 1075 1563 juvero.
1098 1525 1212 1554 Heaut.
1228 1525 1247 1554 i.
1266 1523 1293 1560 l,
1304 1524 1350 1553 34.

850 1563 981 1593 Necesse
995 1569 1050 1601 est,
1064 1563 1187 1593 consilia
1208 1573 1297 1593 conse
1319 1563 1351 1592 ui

849 1602 1028 1632 consimilia.
1057 1603 1170 1632 Heaut.
1197 1603 1217 1632 i.
1245 1602 1276 1637 2,
1343 1626 1350 1632 .

851 1642 1021 1671 conferunt
1036 1641 1159 1671 consilia
1179 1642 1216 1671 ad
1236 1641 1352 1671 adoles-

849 1680 958 1710 lentes.
981 1681 1095 1710 Heaut.
1111 1681 1156 1710 iii.
1174 1680 1259 1718 1‚65.
1291 1680 1352 1710 Ne-

850 1730 909 1758 que
923 1730 972 1749 me
1007 1721 1150 1759 uicquam
1163 1719 1283 1749 consilio
1301 1720 1354 1748 ad-

1018 1765 1095 1789 caut.
1113 1770 1139 1789 v.
1155 1759 1184 1796 2,
1199 1758 1247 1789 29.
1291 1759 1353 1788 Na-

850 1802 920 1827 tura
941 1803 975 1827 tu
1000 1798 1045 1827 illi
1071 1803 1156 1837 pater
1169 1808 1211 1833 es,
1224 1797 1354 1828 consiliis

850 1847 914 1876 ego.
938 1837 1070 1877 Adelph.
1086 1840 1105 1866 i.
1121 1837 1151 1874 2,
1171 1837 1220 1867 46.
1263 1837 1353 1874 Quod

852 1877 876 1905 si
901 1886 1006 1906 omnes
1029 1877 1132 1906 omnia
1154 1886 1209 1907 sua
1231 1875 1354 1906 consilia

851 1915 1014 1946 conferant.
1045 1915 1177 1954 Adelph.
1202 1916 1246 1945 iii.
1270 1915 1300 1951 2,
1327 1914 1352 1944 l.

852 1954 980 1984 Pectore
995 1955 1157 1984 consistere
1182 1954 1226 1984 nil
1250 1954 1356 1984 consili

853 1994 928 2032 quit.
953 1993 1086 2032 Adelph.
1114 1994 1153 2023 iv.
1176 1994 1205 2029 4,
1229 1993 1256 2023 5.
1300 1993 1354 2022 Illi

852 2033 980 2062 creduut
989 2033 1114 2062 consilia
1125 2034 1236 2062 omnia.
1261 2032 1355 2062 Adel-

871 2071 904 2100 hi
929 2082 955 2101 v.
973 2071 1001 2107 4,
1018 2071 1064 2101 18.
1106 2072 1175 2101 Non
1197 2077 1243 2101 est
1264 2071 1355 2101 consi-

852 2082 934 2140 llum.
958 2110 1034 2140 Hec.
1060 2111 1102 2140 iii.
1129 2110 1158 2148 5,
1182 2111 1229 2140 44.
1274 2110 1354 2146 Quid

853 2150 906 2179 das
926 2149 1051 2179 consili?
1080 2150 1157 2179 Hec.
1185 2151 1224 2179 iv,
1251 2150 1279 2183 4,
1307 2148 1353 2178 93.

855 2188 903 2217 De
917 2188 984 2226 ejus
998 2188 1117 2217 consilio
1132 2198 1194 2217 sese
1209 2187 1290 2217 velle
1314 2188 1355 2216 sa-

854 2236 930 2262 cere,
952 2227 1032 2264 qnod
1046 2227 1083 2255 ad
1104 2226 1182 2256 hanc
1202 2236 1266 2256 rem
1288 2227 1356 2255 atti-

854 2270 915 2294 net.
938 2265 1062 2294 Phorm.
1086 2265 1128 2294 iii.
1154 2264 1181 2300 1,
1198 2264 1243 2296 17.
1287 2265 1355 2294 Nisi

854 2303 979 2342 aliquod
985 2303 1137 2332 consilium
1146 2303 1244 2333 celere
1253 2313 1357 2342 reppe-

855 2343 906 2372 n‘e.
931 2342 1055 2372 Phorm.
1079 2343 1098 2372 i.
1114 2343 1142 2378 4,
1167 2342 1190 2371 l.
1225 2342 1255 2372 Is
1276 2343 1356 2381 quod

855 2380 932 2410 mihi
948 2381 985 2410 de
1001 2381 1055 2410 hac
1077 2391 1108 2411 re
1130 2382 1246 2411 dederit
1264 2382 1357 2411 consi—

855 2419 940 2457 lium,
952 2420 981 2449 id
998 2430 1113 2458 sequar.
1138 2420 1262 2450 Phorm.
1278 2421 1309 2450 ii.
1328 2421 1357 2456 4,

855 2457 902 2488 21.
946 2458 1162 2494 Quo'consilia
1188 2459 1261 2489 hacc
1282 2459 1358 2489 refe-

855 2507 919 2526 ram
931 2498 945 2526 ?
965 2497 1089 2527 Phorm.
1105 2508 1133 2527 v.
1152 2497 1178 2529 l.
1195 2497 1220 2528 l.
1265 2498 1358 2527 Modo

855 2540 890 2565 ut
904 2536 960 2565 hoc
975 2536 1095 2566 consilio
1109 2538 1221 2576 possiet
1234 2537 1356 2566 discedi.

857 2575 980 2605 Phorm.
996 2586 1024 2605 v.
1040 2575 1069 2612 2,
1083 2575 1110 2606 8.
1144 2576 1212 2605 Hoc
1223 2581 1357 2606 vestrum

856 2613 1010 2682 qqnsilium
1035 2615 1101 2645 fuit.
1124 2614 1249 2645 Phorm.
1275 2626 1303 2645 v.
1329 2615 1357 2650 7,

896 2691 1066 2727 consimilis]
1080 2692 1268 2722 Consimilem
1278 2692 1359 2723 luse-

857 2735 903 2760 rat
914 2731 977 2769 jam
990 2730 1065 2760 olim
1076 2730 1131 2760 ille
1140 2731 1259 2762 ludum.
1277 2732 1358 2762 Eun.

858 2770 902 2799 iii.
918 2768 946 2802 5,
962 2769 1008 2799 38.
1053 2770 1183 2799 Necesse
1203 2776 1247 2800 est
1262 2772 1360 2800 consi-

857 2807 1045 2847 liaconsequi
1055 2809 1228 2838 consimilia.
1246 2810 1358 2840 Heaut.

858 2848 877 2877 i.
893 2847 923 2883 2,
939 2847 984 2876 35.
1028 2847 1127 2886 Cujus
1141 2858 1207 2878 mos
1227 2850 1361 2879 maxime

858 2890 904 2915 est
916 2886 1076 2915 consimilis
1087 2891 1229 2917 vestrum.
1246 2888 1359 2917 Heaut.

859 2925 890 2955 ii.
907 2925 936 2962 4,
953 2924 999 2954 13.
1042 2924 1096 2954 Isti
1119 2926 1233 2956 formae
1249 2932 1281 2955 ut
1297 2937 1361 2956 mo-

859 2974 906 2994 res
927 2963 1088 2993 consimiles
1110 2964 1216 2994 forent.
1246 2965 1359 2995 Heaut.

860 3004 891 3032 ii.
907 3003 936 3040 4,
950 3002 977 3032 2.
1021 3001 1076 3032 Est
1090 3004 1249 3034 consimilis
1268 3005 1361 3034 mori-

859 3042 924 3072 bus.
947 3041 1059 3072 Heaut.
1075 3052 1103 3072 v.
1117 3041 1144 3079 3,
1162 3041 1206 3074 17.

847 1759 938 1797 juvas
947 1761 961 1788 Ρ

1397 391 1901 468 ῃῑέοωᾶῗῗέηῗζὲἷυῖἶμωωῖεἷ

1398 470 1481 500 Eun.
1497 471 1536 500 iv.
1552 470 1581 506 2,
1597 471 1624 502 7.
1667 470 1745 500 nico
1759 469 1810 500 hic
1829 479 1903 500 eon-

1398 509 1478 539 siste.
1503 509 1634 548 Adelph.
1657 510 1690 539 ii.
1715 508 1742 545 1,
1755 508 1785 539 2.
1827 508 1903 539 Pee-

1398 553 1464 578 tore
1477 549 1631 578 consistere
1641 548 1687 578 nil
1697 547 1817 578 consilii
1826 548 1902 587 quit.

1401 587 1534 626 Adelph.
1552 588 1591 617 iv.
1608 588 1637 623 4,
1651 585 1679 618 ὅ.

1437 626 1642 666 consobrinus]
1665 626 1785 662 Phania
1803 635 1904 656 mo-
1933 635 1942 639 ’

1398 665 1501 695 brinus
1513 672 1624 696 noster.
1648 665 1725 696 Hec.
1741 662 1786 694 iii.
1798 665 1828 702 5,
1841 665 1870 695 9.

1400 704 1618 780 αῃῖοἲὶἳῖἓῦἒο,
1628 705 1699 773 ‘2¹22
1717 703 1904 782 Qfflsst

1402 783 1515 812 Heaut.
1533 783 1551 813 i.
1570 782 1596 820 l,
1617 782 1663 812 34.
1706 783 1801 812 Istam
1822 782 1904 821 quod

1399 828 1494 889 93¹2*
1504 822 1567 890 2fac
1575 861 1658 898 Quid
1671 821 1906 891 clssszesbzffrffili'ebi·

1401 871 1489 969 {legg
1503 884 1546 930 iii.
1573 899 1600 938 l,
1622 899 1670 931 13.
1711 899 1837 929 Phorm.
1858 900 1904 930 iii.

1401 977 1853 1051 ...fffflfflo.¹¹1¹2²sss.⁰ffi“3‚
1863 987 1903 1046 ²2⁵.

1403 1056 1505 1085 Tuum
1517 1067 1568 1086 con
1647 1066 1697 1086 um
1706 1056 1826 1094 fugitat.
1839 1055 1906 1085 He-

1401 1099 1464 1125 aut.
1480 1096 1524 1125 iii.
1543 1094 1571 1130 1,
1584 1095 1632 1125 25.
1676 1095 1793 1133 Fugere
1808 1104 1824 1123 e
1837 1104 1906 1124 conv

1400 1137 1508 1171 spectu.
1550 1135 1627 1164 Hec.
1653 1134 1673 1164 i.
1699 1133 1728 1171 2,
1753 1133 1817 1165 107.
1861 1133 1905 1163 lis

1401 1173 1464 1203 fore
1486 1183 1589 1203 meum
1615 1183 1667 1203 con
1746 1182 1798 1202 um
1824 1172 1904 1202 invi-

1402 1222 1478 1241 sum.
1501 1213 1578 1242 Hec.
1603 1223 1631 1242 v.
1656 1211 1686 1246 2,
1708 1211 1756 1241 22.
1799 1211 1904 1250 Ipsum

1400 1252 1496 1290 gestio
1518 1252 1581 1280 dari
1612 1251 1691 1280 mihi
1717 1251 1750 1280 iu
1772 1260 1788 1280 c

1400 1293 1471 1320 tum.
1491 1290 1613 1320 Phorm.
1629 1291 1662 1320 ii.
1680 1289 1708 1326 l,
1721 1289 1769 1320 31.
1806 1289 1906 1319 Patri·

1400 1333 1580 1397 ςοηερῖξὶιινη
1605 1330 1742 1397 νςῇιὲιιιὶ
1757 1328 1830 1397 1ιὶῐέ
1849 1329 1902 1358 ab·

1402 1378 1468 1398 isse.
1542 1379 1616 1398 orm.
1637 1378 1667 1398 u.
1703 1391 1711 1404 ,
1745 1391 1753 1397 .
1795 1377 1906 1447 {aeguo

1871 1407 1905 1437 it.

1399 1407 1477 1436 mihi
1514 1408 1547 1436 in
1577 1417 1628 1438 con
1679 1411 1757 1437 dum

1401 1446 1525 1476 Phorm.
1540 1447 1573 1476 ii.
1589 1448 1618 1482 4,
1653 1469 1660 1476 .

1440 1485 1607 1525 conspicor]
1637 1485 1703 1515 Cur
1726 1489 1756 1514 te
1777 1494 1850 1524 ergo
1872 1485 1905 1514 in

1401 1524 1449 1554 his
1463 1535 1518 1563 ego
1540 1525 1691 1563 conspicor
1710 1524 1908 1562 regionibus?

1403 1563 1483 1594 Eun.
1507 1574 1535 1594 V.
1561 1563 1591 1600 8,
1613 1563 1661 1594 32.
1714 1563 1798 1600 Quin
1819 1567 1851 1592 te
1872 1563 1906 1592 in

1402 1603 1658 1671 surlidqgonspicer
1664 1602 1775 1632 fodere.
1786 1602 1907 1632 Heaut.

1401 1652 1422 1672 1.
1459 1665 1467 1678 ‚
1523 1666 1530 1672 .

1440 1680 1622 1716 cons-labilio]
1643 1680 1742 1710 Tuam
1755 1690 1821 1710 rem
1838 1690 1907 1710 eou-

1401 1719 1564 1750 stabilisses.
1588 1719 1720 1759 Adelph.
1735 1730 1764 1749 v.
1782 1718 1811 1757 l,
1824 1719 1852 1750 9.

1441 1758 1598 1798 constituo]
1622 1759 1716 1789 Diem
1740 1759 1812 1798 quia
1831 1757 1908 1788 olim

1402 1799 1433 1827 in
1449 1798 1528 1827 hunc
1549 1801 1622 1828 sunt
1641 1798 1811 1828 constitutae
1831 1807 1908 1836 nup-

1402 1837 1471 1867 tiae.
1495 1837 1578 1867 And.
1604 1839 1624 1867 i.
1647 1837 1676 1873 5,
1698 1837 1745 1867 34.
1787 1836 1907 1866 Ventu-

1402 1886 1471 1905 rum
1498 1877 1536 1905 ad
1563 1886 1614 1906 me
1639 1875 1796 1906 constituit.
1823 1875 1904 1905 Eun.

1403 1916 1423 1945 i.
1438 1914 1468 1952 2,
1485 1914 1550 1945 125.
1586 1915 1695 1951 Locus,
1711 1920 1830 1961 tempus
1838 1924 1907 1945 con-

1402 1954 1533 1984 stitutum
1556 1960 1611 1984 est.
1642 1955 1724 1984 Eun.
1753 1955 1795 1984 iii.
1823 1954 1855 1990 4,
1877 1953 1905 1983 3.

1405 1993 1552 2024 Constitui
1579 2003 1648 2022 cum
1677 1993 1808 2031 quodam
1836 1992 1906 2022 hos-

1403 2033 1476 2071 pite,
1492 2042 1541 2061 me
1556 2042 1620 2062 esse
1634 2031 1724 2062 illum
1738 2031 1907 2061 conventu-

1404 2081 1478 2100 ram.
1503 2071 1579 2101 Hec.
1605 2072 1625 2101 i.
1651 2071 1680 2107 2,
1704 2070 1777 2107 120;
1809 2068 1864 2100 iii?
1877 2070 1907 2107 4,

1404 2110 1451 2140 23.
1484 2110 1564 2139 Nam
1578 2109 1626 2139 illi
1641 2110 1719 2140 mihi
1727 2110 1829 2139 dotem
1842 2109 1908 2148 jam

1404 2150 1613 2219 {onfflnmm
1627 2149 1705 2179 dare.
1728 2148 1854 2178 Phorm.
1866 2149 1908 2178 iv.

1443 2225 1625 2265 constrinyo]
1673 2225 1908 2265 Quadrupedem

1404 2265 1603 2303 constrinyito.
1640 2265 1722 2295 And.
1751 2275 1780 2295 v.
1803 2265 1834 2301 2,
1857 2264 1909 2295 24.

1407 2304 1671 2341 Comprehendere
1695 2309 1726 2334 et
1746 2304 1909 2334 constrinx-

1404 2353 1461 2373 ere.
1486 2343 1566 2372 Eun.
1585 2353 1611 2373 v,
1627 2343 1656 2380 5,
1670 2343 1719 2373 23.

1445 2381 1644 2422 consuefizcio]
1678 2381 1851 2422 Consuefcct'
1874 2382 1910 2412 fi-

1406 2420 1493 2451 lium.
1536 2421 1605 2450 Hoc
1624 2423 1756 2460 patrium
1780 2425 1836 2457 cst,
1857 2430 1910 2460 po·

1407 2461 1469 2489 tius
1495 2460 1698 2498 consuefacere
1723 2460 1836 2497 filium,
1857 2470 1912 2490 uua

1407 2509 1420 2528 s
1441 2504 1511 2529 onte
1547 2505 1628 2529 recte
1667 2500 1775 2535 facere,
1816 2509 1913 2545 quam

1407 2539 1509 2568 aieno
1531 2542 1627 2568 metu.
1664 2538 1746 2568 Adel
1768 2538 1798 2568 h.
1827 2548 1849 2569 1.
1879 2537 1908 2575 l,

1407 2576 1456 2612 29,
1470 2577 1518 2606 49.
1561 2577 1608 2606 Of.
1624 2577 1669 2607 iii.
1686 2577 1714 2614 3,
1728 2549 1776 2607 68.

1446 2615 1615 2655 consuesco]
1633 2616 1767 2652 Quicum
1780 2615 1835 2645 illa
1842 2625 1909 2646 con-

1407 2655 1460 2685 vit.
1481 2654 1612 2693 Adelph.
1635 2655 1678 2685 iv.
1693 2655 1722 2692 5,
1738 2654 1785 2685 32.
1827 2655 1909 2691 Qua-

1407 2704 1478 2723 cum
1492 2698 1538 2723 tot
1546 2697 1705 2724 consuesset
1711 2703 1814 2724 annos.
1831 2694 1910 2724 Hec.

1409 2734 1449 2762 iv.
1465 2732 1491 2769 l,
1505 2733 1552 2762 40.
1589 2733 1670 2762 Cum
1686 2732 1753 2772 ejus
1764 2733 1912 2762 vomuerit

1409 2776 1506 2839 ἓῃῆῐέε
1524 2771 1707 2802 clanculum.
1730 2771 1855 2801 Phor-m.
1879 2781 1908 2801 v.

1431 2811 1473 2848 ‚s
1496 2833 1503 2840 .

1447 2848 1638 2888 consuetudo]
1662 2848 1777 2878 Parvae
1793 2857 1911 2878 conm-

1409 2888 1521 2917 tudinis
1544 2897 1642 2917 rausa.
1662 2888 1748 2918 And.
1767 2887 1787 2917 i.
1813 2887 1841 2924 l,
1861 2887 1909 2917 83.

1411 2927 1454 2956 Ut
1469 2936 1568 2964 neque
1582 2937 1631 2955 me
1651 2927 1836 2963 consuetudo,
1857 2936 1910 2956 ne-

1409 2975 1469 3004 que
1481 2975 1577 2999 amor,
1592 2975 1691 3003 neque
1752 2966 1807 2994 dor
1827 2975 1910 2994 com-

1410 3008 1539 3034 moveat.
1563 3004 1645 3033 And.
1669 3004 1689 3034 i.
1727 3004 1798 3041 ‚44.
1839 3003 1910 3033 Hu-

1406 3043 1492 3082 juace
1525 3049 1645 3082 propter
1677 3042 1910 3081 consuetudinem
