2020 3412
263 272 346 316 188

688 268 1448 315 HEAUTONTIMORUMENOS.

378 388 494 431 Nam
513 391 556 429 et
575 386 666 429 vita
686 391 750 429 est
770 387 930 437 eadem,
953 390 996 428 et
1016 385 1183 427 animus
1203 389 1247 427 te
1268 399 1372 440 erga
1391 383 1508 426 idem
1527 398 1576 426 ac
1595 383 1705 437 fuit3

380 453 600 501 Quantum
621 468 675 494 ex
694 452 787 508 ipsa
806 467 853 493 re
873 451 1163 507 conjecturam
1182 450 1384 505 cepimus.

1835 463 1879 494 25

383 519 489 561 Olim.
524 517 640 565 Quid
660 522 735 578 est,
758 518 929 559 obsecro
944 517 964 558 P
994 531 1097 557 nam
1116 515 1226 557 mihi
1245 529 1361 556 1111110
1381 514 1494 556 1111111
1513 530 1660 557 rerum
1687 515 1880 559 omnium

439 589 503 627 est

379 649 504 697 Quod
523 649 672 692 malim
692 663 822 704 quam
840 662 909 688 me
929 647 1010 688 1100
1031 646 1139 688 falso
1160 645 1425 702 suspicarier.

379 715 451 769 Sy.
484 716 579 757 Hoc
599 715 799 770 primum,
821 718 871 754 ut
891 727 946 754 ne
966 713 1071 768 quid
1090 712 1219 769 hujus
1239 727 1385 754 rerum
1404 712 1602 769 ignores3
1634 727 1740 756 anus

378 781 497 828 Quae
517 785 580 822 est
601 780 715 821 dieta
734 783 871 819 mater
892 793 982 819 esse
1002 777 1042 819 ei
1063 778 1244 820 antehae
1264 792 1351 819 non
1372 777 1456 819 fuit
1472 793 1481 820 z

376 846 442 887 Ea
461 846 567 888 obiit
586 849 769 886 mortem
785 860 794 885 :
826 843 907 885 1100
927 843 1020 899 ipsa
1040 843 1087 884 in
1107 843 1263 885 itinere
1284 843 1443 885 alterae

1834 856 1880 887 30

375 911 493 952 Dum
512 915 659 952 narrat
679 910 790 951 forte
811 909 969 951 audivi.
1037 907 1131 950 Olit.
1168 908 1391 955 Quaenam
1411 915 1475 950 est
1496 908 1631 951 altera
1644 909 1665 952 Ρ

379 976 452 1030 Sy.
481 976 612 1018 Mane
630 992 639 1018 :
671 976 751 1017 1100
772 976 887 1031 quod
907 975 1025 1030 coepi
1045 974 1235 1030 primum
1255 989 1463 1025 enarrem,
1487 974 1703 1031 Clitipho:

378 1042 482 1084 Post
512 1043 622 1084 istuc
654 1041 841 1084 veniam.
909 1039 1005 1082 Olit.
1039 1040 1239 1096 Propera.

432 1108 567 1158 nium,

1303 1039 1376 1093 Sy.
1419 1039 1448 1082 J
1450 1055 1521 1082 am
1558 1041 1749 1096 primum
1788 1055 1877 1084 om-

375 1173 465 1215 Ubi
484 1178 663 1215 ventum
683 1172 738 1214 ad
759 1172 881 1214 aedes
902 1176 978 1222 est,
1001 1170 1164 1213 Dromo
1184 1170 1327 1226 pultat
1348 1169 1485 1213 fores:

374 1237 499 1280 Anus
519 1238 728 1294 quaedam
747 1237 890 1293 prodit
906 1253 914 1279 :
946 1237 1051 1278 haec
1071 1237 1146 1278 ubi
1167 1236 1334 1291 aperuit
1355 1236 1524 1287 ostium,

1833 1247 1879 1279 35

376 1304 590 1346 Continuo
609 1303 681 1344 1110
702 1318 745 1344 se
766 1303 948 1359 conjecit
968 1303 1083 1344 intro
1100 1318 1108 1344 :
1141 1317 1221 1357 ego
1242 1317 1487 1357 consequor.

374 1369 498 1412 Anus
518 1369 679 1411 foribus
700 1369 819 1410 obdit
838 1368 1056 1424 pessulum
1073 1383 1083 1418 ;
1115 1367 1170 1409 ad
1190 1367 1335 1409 lanam
1355 1367 1479 1408 redit.

374 1435 492 1477 Hinc
513 1435 613 1477 seiri
631 1434 785 1490 potuit,
809 1439 883 1475 aut
903 1448 1116 1488 nusquam
1136 1432 1252 1482 alibi,
1277 1431 1431 1483 Clinia,

377 1500 471 1547 Quo
492 1500 632 1542 studio
653 1500 789 1542 vitam
809 1514 930 1540 suam
950 1503 993 1540 te
1014 1499 1188 1540 absente
1208 1498 1414 1553 exegerit,

374 1566 464 1608 Ubi
484 1566 536 1607 de
556 1565 786 1620 improviso
806 1564 1102 1606 interventum
1121 1567 1185 1604 est
1205 1562 1402 1604 mulieri:

1832 1576 1880 1607 40

373 1631 489 1673 Nam
509 1646 558 1672 ea
578 1646 644 1672 res
665 1629 784 1671 dedit
804 1634 899 1670 tum
919 1628 1198 1670 existimandi
1218 1628 1385 1684 copiam

376 1695 660 1743 Quotidianae
679 1695 794 1737 vitae
815 1693 1181 1744 consuetudinem,

376 1761 495 1808 Quae
515 1761 719 1818 cujusque
740 1760 966 1816 ingenium
985 1764 1035 1801 ut
1056 1759 1112 1801 sit
1132 1758 1321 1800 declarat
1341 1757 1529 1800 maxime
1546 1774 1556 1801 :

374 1827 610 1869 Texentem
629 1826 760 1868 telam
781 1825 967 1868 studiose
987 1825 1126 1880 ipsam
1145 1823 1412 1875 offendimus,

375 1892 650 1934 Mediocriter
670 1891 871 1933 vestitam
889 1894 1007 1932 veste
1026 1889 1215 1945 lugubri,

1830 1901 1877 1933 45

375 1958 482 2014 Ejus
502 1957 624 1999 anuis
645 1971 782 2006 eausa,
805 1955 967 2011 opinor,
991 1970 1099 2010 quae
1120 1959 1212 1996 erat
1231 1958 1402 1996 mortua
1419 1969 1429 2005 ;

376 2022 478 2065 Sine
499 2037 613 2072 auro,
636 2026 730 2062 tum
750 2025 945 2062 ornatam
965 2020 1027 2061 ita
1046 2020 1112 2060 uti
1132 2035 1241 2075 quae
1261 2023 1470 2060 ornantur
1491 2018 1598 2070 sibi3

375 2088 509 2131 Nulla
527 2087 642 2128 mala
661 2101 707 2128 re
728 2101 816 2128 esse
837 2085 1071 2141 expolitam
1090 2083 1293 2126 muliebri
1309 2099 1319 2135 ;

377 2153 567 2208 Capillus
586 2166 744 2207 passus,
766 2150 971 2206 prolixus,
995 2150 1156 2191 circum
1177 2153 1308 2204 eaput

377 2217 456 2274 Rej
462 2222 579 2259 ectus
597 2216 871 2272 negligenter
886 2232 894 2256 :
926 2230 1025 2270 pax.

307 2331 360 2362 30.
383 2329 534 2369 Alterae]
584 2328 643 2359 See
662 2329 739 2358 note
761 2337 805 2358 on
821 2327 997 2358 Eunuchus
1012 2338 1043 2358 v.

306 2417 360 2448 44.
389 2413 602 2454 Offendimus]
645 2413 704 2444 See
719 2416 795 2444 note
810 2423 852 2443 on
867 2413 1044 2444 Eunuchus

262 2460 306 2492 iv.
318 2461 349 2491 4.
363 2461 394 2490 5.
417 2457 579 2489 Victorius
592 2455 725 2497 (quoted
737 2456 778 2496 by
790 2455 1043 2497 Westerhovius)

263 2504 323 2534 has
337 2500 504 2544 preserved
518 2503 582 2531 two
597 2500 677 2530 lines
692 2500 728 2530 of
744 2499 932 2537 Menander,
948 2499 1045 2530 taken

264 2547 348 2578 from
370 2555 391 2576 8
412 2554 494 2584 copy
509 2543 545 2573 of
559 2542 700 2573 Terence
716 2542 818 2572 which
839 2542 997 2582 belonged
1011 2546 1046 2572 to

265 2589 414 2624 Politian.
429 2588 501 2618 who
516 2585 579 2617 had
595 2586 721 2616 written
735 2585 824 2615 them
839 2585 872 2615 in
890 2586 946 2615 the
962 2596 1046 2615 mar-

265 2633 331 2673 gin.
375 2631 446 2662 The
475 2631 545 2660 first
574 2638 677 2660 seems
706 2631 740 2659 to
770 2628 851 2659 have
877 2628 961 2659 been
991 2629 1047 2659 the

192 2713 197 2718 ,
265 2675 400 2716 orIginal
414 2673 451 2704 of
462 2673 527 2704 this
542 2673 607 2703 line
621 2684 628 2702 :

265 2742 301 2779 ἑξ
315 2741 466 2784 ἶσταρίου
481 2741 546 2783 γὰρ
562 2738 720 2781 ἐκρέματο
732 2738 925 2781 φιλοπόνως
940 2737 1046 2780 πάνυ,

266 2812 332 2844 and
345 2811 402 2843 the
415 2811 509 2842 other
523 2807 730 2849 coi-responde
745 2810 779 2838 to
794 2817 845 2838 vv.
861 2809 914 2845 52,
931 2808 971 2838 3:

540 2867 594 2900 καὶ
611 2866 814 2907 θεραπαινὶς
828 2865 873 2903 ἦν
887 2866 960 2907 μία·

312 2911 399 2953 αὕτη
416 2910 602 2953 συνύφαινε
619 2908 779 2952 ῥυπαρῶς
795 2909 995 2951 διακειμένη.

267 2972 339 3003 Τ110
361 2972 443 3003 lines
467 2970 545 3002 look
569 2969 726 3011 genuine3
759 2969 823 3000 and
845 2978 893 2999 we
914 2978 988 3009 may
1007 2967 1047 2999 be

269 3025 342 3046 sure
356 3015 435 3046 »that
455 3014 597 3046 Terence
618 3012 764 3044 followed
779 3011 958 3044 Menander
971 3021 1048 3052 very

1092 2214 1197 2256 (Ilm.
1231 2213 1338 2270 Syre
1357 2213 1432 2264 mi,
1456 2214 1640 2266 obsecro,
1831 2227 1876 2259 50

1089 2326 1207 2366 closely
1221 2327 1256 2357 in
1279 2326 1343 2357 this
1366 2336 1510 2367 passage,
1526 2337 1561 2358 as
1583 2327 1625 2359 he
1646 2329 1751 2360 would
1771 2329 1876 2362 wher-

1089 2380 1162 2400 ever
1183 2370 1239 2400 the
1262 2370 1417 2410 language
1432 2380 1496 2401 was
1511 2371 1545 2401 in
1561 2371 1699 2413 keeping
1717 2373 1795 2404 with
1817 2374 1876 2405 the

1089 2413 1184 2444 Latin
1200 2413 1308 2443 idiom.

1134 2457 1186 2486 46.
1210 2456 1332 2496 Annis]
1380 2456 1459 2487 This
1481 2457 1509 2487 is
1532 2458 1653 2498 merely
1668 2458 1724 2489 the
1742 2458 1797 2490 old
1810 2468 1874 2490 uu-

1090 2499 1273 2529 contracted
1288 2499 1369 2529 form
1383 2499 1420 2530 of
1431 2500 1487 2530 the
1498 2501 1636 2540 genitive
1647 2501 1684 2531 of
1695 2502 1751 2533 the
1765 2501 1875 2533 fourth

1090 2541 1282 2572 declension.
1330 2542 1393 2572 For
1410 2545 1541 2573 ‘aurum
1555 2542 1564 2557 ⁷
1579 2544 1612 2574 in
1633 2544 1690 2575 the
1711 2548 1788 2576 next
1808 2545 1874 2576 line

1091 2595 1143 2615 see
1157 2588 1233 2615 note
1248 2595 1291 2616 on
1308 2585 1484 2617 Eunuchus
1498 2587 1540 2617 iv.
1559 2588 1587 2618 1.
1608 2588 1658 2618 13.

1135 2629 1187 2658 48.
1213 2629 1317 2659 Nulla
1344 2630 1430 2659 mala
1454 2639 1490 2660 re
1512 2639 1578 2660 esse
1601 2630 1778 2670 expolitam
1801 2639 1873 2661 mu-

1091 2671 1203 2711 liebri]
1250 2671 1321 2701 The
1344 2672 1409 2702 line
1435 2672 1521 2712 gives
1544 2672 1624 2703 such
1649 2683 1669 2703 8
1690 2673 1788 2714 ready
1808 2672 1873 2704 end

1092 2714 1207 2754 simple
1226 2724 1317 2744 sense
1341 2715 1412 2745 that
1438 2725 1499 2746 one
1521 2715 1548 2746 is
1567 2716 1732 2756 ⁴surprised
1750 2719 1785 2747 to
1804 2715 1874 2746 find

1090 2766 1153 2795 any
1178 2757 1298 2796 variety
1324 2758 1360 2788 of
1381 2758 1538 2798 readings.
1586 2758 1753 2796 However,
1784 2768 1873 2790 some

1090 2799 1166 2829 read
1182 2802 1190 2816 ‘
1203 2799 1342 2836 malam,'
1361 2803 1368 2817 ‘
1380 2800 1438 2831 her
1452 2800 1575 2838 cheek‚'
1593 2802 1657 2832 and
1672 2801 1809 2842 Bentley
1822 2802 1872 2832 in-

1091 2842 1239 2873 troduces
1254 2843 1310 2873 the
1325 2853 1395 2874 rare
1407 2844 1493 2875 word
1509 2848 1517 2862 ⁸
1529 2844 1754 2884 interpolatam
1763 2844 1773 2859 ’
1788 2844 1872 2876 from

1093 2884 1234 2921 Plautus,
1252 2886 1393 2917 Mostell.
1409 2887 1431 2918 i.
1447 2888 1479 2918 3.
1501 2889 1570 2918 105.

1136 2929 1189 2958 50.
1213 2929 1306 2966 Paoe]
1333 2933 1341 2946 ⁴
1355 2929 1518 2970 Enoughff
1562 2929 1641 2961 This
1657 2929 1744 2961 word
1761 2938 1872 2961 occurs

1091 2970 1182 3009 again
1201 2971 1240 3001 ·in
1263 2971 1304 3001 iv.
1331 2973 1362 3002 3.
1387 2974 1440 3010 38,
1457 2973 1519 3003 and
1541 2973 1575 3003 in
1597 2982 1617 3003 8
1639 2973 1698 3003 few
1712 2973 1819 3014 places
1836 2973 1872 3003 in

1092 3012 1234 3052 Plautus,
1262 3023 1297 3045 as
1321 3014 1355 3046 in
1379 3015 1476 3048 Miles
1499 3015 1664 3048 Gloriosus
1685 3016 1730 3048 iii.
1749 3016 1778 3048 1.
1794 3016 1871 3048 212.
