2020 3412
305 271 391 314 564

306 385 386 414 Eun.
403 384 486 415 Prol.
501 384 550 415 23.
578 384 639 414 Illa
652 384 808 415 exclamat.
862 384 892 422 2,
919 385 968 415 40.

306 424 387 453 Eun.
403 424 443 453 ἰν.
461 423 488 461 1,
506 423 550 453 11.
575 423 706 462 Adelph.
725 425 765 454 iv.
781 425 811 461 4,

308 461 352 491 10.
390 462 467 492 Hec.
497 463 542 493 iii.
571 463 600 498 3,
628 463 655 492 8.
710 462 811 492 Paene

304 500 406 531 hercle
466 502 632 531 exclamavi
692 502 809 540 gaudio.

306 539 430 569 Phorm.
448 550 475 570 v.
492 540 520 575 6,
535 540 582 570 30.

344 579 478 617 eaecludo]
494 579 538 608 Ut
548 580 585 608 ab
596 578 650 607 illa
659 578 810 614 excludar,

304 617 365 646 huc
380 617 552 647 concludar.
577 618 658 646 And.
675 618 705 646 ii.
723 617 751 652 3,
764 617 811 646 12.

305 656 465 685 Eavlusil:
487 660 616 686 revocat.
642 656 723 684 Eun.
745 656 764 685 i.
783 655 810 691 l,

306 696 333 724 4.
391 695 506 724 Misera
531 705 601 733 prae
628 704 730 723 amore
760 703 810 723 eae-

306 733 391 763 clusli
412 734 494 762 hunc
522 734 608 762 foras.
632 733 713 762 Eun.
738 733 757 761 i.
780 732 810 768 2,

309 771 353 801 18.
398 772 463 801 Eoo
481 771 640 807 excludem-
662 771 715 800 ille
735 772 810 801 reci-

306 811 396 848 pitur.
421 796 501 839 filun.
518 811 538 840 i.
552 810 581 846 2,
602 810 649 842 79.
693 810 810 839 Iterum

306 850 397 878 istinc
411 849 570 878 excludere.
594 849 671 878 Hec.
684 849 727 878 iii.
742 849 771 885 2,
783 849 809 879 4.

307 888 388 917 Eun.
409 888 454 917 iii.
469 888 498 924 2,
513 887 560 917 28.
604 887 664 917 Vel
686 887 810 917 oculum

305 926 432 956 exclude.
454 927 579 956 Phorm.
595 936 623 956 v.
639 926 668 962 7,
683 926 730 955 96.

345 964 491 1004 exclusio]
515 965 679 995 Caeterum
703 965 740 994 de
761 975 810 995 ex-

306 1003 434 1034 dacione
443 1005 572 1034 verbum
582 1003 713 1033 nullum.
728 1004 809 1033 Eun.

308 1045 327 1072 i.
343 1043 371 1078 2,
388 1043 414 1072 8.

345 1081 491 1120 εαυοοιιιε]
542 1082 620 1111 Tam
665 1085 812 1112 eoecoetam

307 1121 430 1150 reddam
466 1126 496 1150 at
518 1131 558 1150 ue
592 1125 689 1150 atram
719 1131 811 1159 quam

307 1160 396 1188 carbo
415 1164 468 1189 est.
493 1131 625 1198 Rdelph.
651 1170 679 1189 v.
707 1159 735 1195 3,
760 1160 810 1190 63.

345 1198 491 1237 excrucio]
511 1199 570 1228 Sed
585 1199 660 1237 quid
671 1199 748 1236 ego?
762 1209 812 1228 me

306 1241 408 1266 autem
435 1237 590 1266 excrucio?
623 1237 704 1266 And.
729 1246 756 1266 v.
783 1237 812 1274 3,

309 1274 357 1305 15.
409 1275 503 1314 Spero
530 1286 579 1304 me
614 1276 725 1305 habere
757 1277 810 1314 qui

306 1314 389 1343 hunc
423 1325 491 1343 meo
519 1315 683 1343 eacruciem
709 1316 809 1345 modo.

307 1353 387 1382 Eun.
403 1363 430 1382 v.
447 1353 475 1389 3,
488 1352 532 1382 ll.
562 1353 810 1383 Sollicitudinem

307 1392 398 1420 istam
411 1391 517 1421 falsam
528 1402 605 1430 quae
617 1397 646 1420 te
659 1393 812 1422 emueiat

306 1430 420 1459 mittas.
443 1431 556 1460 Heaut.
572 1431 596 1459 i.
609 1430 639 1467 2,
655 1430 681 1460 3.
717 1432 811 1461 Mise-

307 1478 375 1497 rum
404 1469 487 1498 hunc
517 1473 580 1498 tam
611 1471 813 1500 emruciarier

307 1507 376 1545 ejus
399 1508 494 1536 abitu.
521 1507 635 1537 Heaut.
662 1509 705 1538 iii.
734 1509 761 1545 l,
782 1509 809 1538 4.

308 1546 448 1585 Antipho
472 1557 522 1576 me
543 1547 692 1577 excruciat
705 1548 811 1577 animi.

308 1584 433 1614 Phorm.
450 1586 469 1614 i.
487 1586 516 1621 4,
534 1585 578 1615 10.

345 1625 499 1662 marsus]
524 1624 620 1663 Prope
632 1625 696 1664 jam
711 1634 812 1654 excur-

307 1672 338 1729 {3⁰
354 1663 450 1701 spatio
465 1664 564 1692 mitto.
591 1663 722 1702 Adelph.
738 1674 766 1692 v.
783 1664 812 1700 4,

347 1740 472 1779 erczdio]
508 1740 663 1769 Lacrimas
689 1741 814 1770 eaeeussit

309 1779 396 1808 mihi.
423 1779 536 1808 Heaut.
557 1780 576 1808 i.
606 1778 632 1815 l,
662 1778 726 1809 115.
771 1779 815 1808 Ut

308 1827 358 1846 me
383 1818 527 1846 ementium
559 1822 650 1856 atque
681 1828 698 1847 e
734 1819 815 1847 ediar

307 1856 408 1885 domo.
432 1856 556 1886 Phorm.
573 1857 613 1886 iv.
632 1855 658 1892 l,
673 1856 721 1886 2).

347 1895 451 1932 eoeedo]
491 1895 575 1931 Quid
608 1899 639 1924 te
674 1896 813 1925 futurum

307 1942 420 2001 {ingess
437 1944 534 2001 queml
543 1934 815 2002 asggdueTeaegelrltt?

344 1983 399 2002 eau
417 1995 423 2002 .
448 1982 492 2002 111.
541 1996 548 2008 ,
614 1994 620 2001 .
693 1982 711 2001 ιι
781 1983 815 2002 oc

308 2012 442 2040 intristi:
465 2011 523 2040 tibi
538 2021 628 2040 omne
640 2015 684 2040 est
694 2011 815 2040 eac-eden-

307 2050 389 2079 dum.
413 2049 538 2079 Phorm.
554 2050 585 2079 ii.
601 2049 630 2085 2,
645 2049 672 2078 4.

347 2088 527 2127 exemplum]
554 2089 701 2125 Magnum
721 2098 815 2117 eaeem—

305 2127 392 2165 plum.
405 2128 618 2156 continentiae.
649 2127 734 2155 And.
750 2127 770 2156 i.
789 2126 814 2163 l,

310 2165 356 2194 65.
400 2165 450 2194 De
464 2169 495 2195 te
509 2166 533 2194 si
546 2163 712 2201 eoeemplum
726 2166 813 2200 capit.

310 2204 392 2233 And.
409 2204 449 2232 iv.
468 2203 494 2239 1,
518 2203 565 2234 27.
609 2202 752 2232 Aliorum
766 2213 815 2232 ea·-

308 2242 409 2311 Zm'ii'
436 2242 816 2317 ⁰assz¹z⁰sssfflssafflaffl

310 2319 418 2348 dicunt
441 2317 474 2346 in
501 2328 573 2347 eum
601 2317 733 2354 indigna.
777 2318 815 2346 In

332 2368 401 2387 uem
415 2357 549 2396 exempla
563 2357 661 2387 fient?
683 2356 762 2385 Eun.
785 2366 812 2385 v.

331 2419 339 2433 ,
362 2396 411 2433 24,
432 2394 483 2424 26.
524 2395 660 2433 Uterque
681 2394 815 2432 eaempla

311 2435 343 2464 in
369 2442 399 2464 te
424 2434 523 2465 edent.
549 2433 629 2464 Eun.
656 2445 684 2463 v.
711 2433 739 2469 6,
764 2432 812 2463 21.

309 2474 492 2512 Eoeemplmn
528 2472 652 2502 s'tatuito
684 2473 716 2501 in
754 2481 813 2500 me.

311 2513 424 2543 Heant.
455 2511 537 2541 Prol.
564 2511 612 2540 51.
654 2510 686 2540 Si
714 2510 814 2538 confe-

310 2552 439 2581 rendum
445 2550 609 2589 exemplum
617 2556 671 2580 est.
682 2547 812 2586 Adelph.

310 2591 330 2619 i.
346 2590 375 2626 2.
393 2590 438 2620 14.
482 2590 531 2619 Ex
545 2588 611 2618 aliis
624 2597 743 2617 sumere
764 2596 814 2615 ea·—

310 2629 441 2668 emplum
463 2629 530 2658 sibi.
557 2626 688 2664 Adelph.
715 2626 760 2655 iii.
785 2625 813 2660 3,

309 2668 358 2698 62.
400 2667 581 2706 Eoeemplum
602 2665 743 2694 omnibus
763 2673 813 2692 cu-

311 2717 408 2736 rarem
428 2711 463 2736 ut
482 2715 569 2735 essee.
595 2703 726 2742 Adelph.
741 2712 769 2731 V.
788 2701 814 2737 1,

310 2746 339 2775 9.
382 2746 427 2775 Ut
441 2750 470 2775 te
491 2744 615 2783 quidem
630 2751 745 2778 omnes,
762 2740 822 2776 Di,

312 2784 467 2823 Deaeque,
487 2793 521 2812 ειι
560 2783 597 2815 ri,
613 2781 712 2816 inferi,
728 2778 815 2808 malis

308 2823 451 2862 exemplis
461 2832 514 2861 per
536 2820 606 2851 ant!
627 2819 750 2849 Phorm.
774 2818 814 2846 iv.

331 2861 431 2938 {m}
465 2899 526 2928 Sed
551 2898 614 2936 ipse
640 2896 700 2926 eae
726 2895 813 2939 τωρωι.

311 2939 396 2968 And.
412 2940 431 2968 i.
446 2938 475 2968 2.
492 2937 518 2967 3.
550 2936 617 2974 Age
632 2932 812 2972 Pamph1le;

308 2978 358 3006 eoei
372 2975 541 3015 Pamphile.
569 2975 650 3004 And.
667 2983 695 3002 v.
717 2971 746 3008 2,
766 2971 813 3016 30.

309 3015 384 3046 Post
398 3015 543 3045 continuo
565 3022 643 3043 exeo.
673 3011 754 3041 Eun.
770 3019 813 3039 ιιι.

1013 271 1211 315 INDEX

1023 385 1090 414 Eaei
1115 385 1204 422 foras,
1232 384 1366 415 sceleste.

866 423 945 453 Eun.
971 424 1010 453 iv,
1026 423 1097 459 4,1.
1141 425 1170 452 A
1195 433 1245 453 me
1267 424 1368 453 nescio

863 463 930 500 quis
944 463 1012 491 emit.
1038 463 1150 491 Heaut.
1177 462 1221 492 iii.
1250 461 1277 499 l,
1303 462 1366 492 101.

863 501 941 530 Sane
949 500 1066 530 nollem
1075 500 1134 530 huc
1142 501 1259 532 exitum..
1275 501 1367 530 Adel—

864 539 913 577 phi
930 550 957 568 v.
975 539 1002 575 1,
1030 539 1075 568 13.
1116 540 1188 569 Jam
1215 545 1250 569 ut
1271 539 1367 569 limen

861 579 980 607 exirem.
998 578 1074 608 Hec.
1085 578 1128 608 iii.
1143 578 1170 614 3,
1186 577 1229 608 18.
1260 578 1367 608 Meum

863 617 964 646 virum
1000 618 1053 646 aba
1086 621 1116 646 te
1152 617 1233 646 exire
1270 618 1366 647 video'.

864 655 988 685 Phorm.
1005 665 1032 685 v.
1051 655 1080 691 3,
1096 655 1141 685 12.

901 695 1032 733 ewerceo]
1055 695 1147 731 Quod
1168 704 1274 733 operae
1293 717 1300 725 .
1327 717 1334 724 .
1359 717 1365 724 .

863 734 1028 769 consumis,
1057 734 1080 762 si
1110 743 1212 763 sumas
1239 734 1271 762 in
1304 733 1369 763 illis

862 772 1040 808 eoeercendis,
1065 771 1134 810 plus
1154 782 1229 810 agae.
1253 772 1366 802 Heaut.

863 811 882 839 i.
909 810 936 846 l,
960 810 1010 840 22.
1051 810 1111 846 Qui
1136 815 1271 840 sumtum
1285 821 1368 840 eoi-er-

862 852 959 878 oerent
979 859 1080 879 suum.
1106 849 1220 878 Heaut.
1237 850 1256 879 i.
1279 849 1306 886 l,
1320 849 1366 879 91.

865 889 983 926 Agrum
1006 888 1087 917 hunc
1105 893 1257 917 mercatus
1278 898 1365 918 sum:

863 927 913 958 hic
932 937 983 956 me
1005 936 1130 956 ea‘eroeo.
1153 927 1266 956 Heaut.
1293 928 1312 957 i.
1341 926 1367 961 l,

863 965 911 995 94.
954 965 1018 1004 Ego
1033 970 1062 995 te
1075 965 1210 995 ewercebo
1225 966 1312 995 hodie
1333 971 1369 995 ut

864 1004 972 1042 dignus
985 1014 1026 1034 es.
1051 1004 1182 1042 Adelph.
1198 1005 1238 1033 iv.
1253 1004 1285 1040 2,
1298 1005 1347 1035 48.

902 1043 1090 1082 exercitatus]
1112 1043 1201 1072 Prior
1214 1053 1300 1072 amor
1313 1053 1369 1072 ane

862 1082 900 1110 ad
914 1082 991 1111 hanc
1006 1092 1070 1111 rem
1093 1083 1283 1111 mer-citatum
1303 1082 1369 1112 red-

864 1121 949 1150 didit.
973 1121 1049 1150 Hec.
1064 1122 1108 1150 iii.
1125 1121 1154 1156 3,
1168 1121 1215 1153 47.

901 1160 1057 1198 exercitus]
1087 1160 1218 1189 Credere
1245 1169 1366 1189 omnem

864 1199 1034 1228 exercitum.
1071 1198 1152 1227 Eun.
1182 1199 1226 1227 iii.
1257 1198 1284 1234 1,
1321 1198 1365 1227 12.

864 1237 936 1265 Jam
951 1237 1073 1266 dimitto
1094 1238 1261 1267 ‹ea-ercitum.
1285 1237 1366 1266 Eun.

863 1275 904 1304 iv.
920 1276 948 1311 7,
964 1276 1011 1304 44.

902 1314 999 1352 enyo]
1029 1314 1215 1352 Spectandae
1242 1325 1280 1344 an
1307 1315 1368 1344 exi-

859 1353 975 1389 ‚qendae
989 1354 1052 1382 sint
1066 1354 1151 1382 vobis
1169 1354 1260 1391 prius.
1285 1354 1366 1383 And.

865 1391 947 1420 Prol.
963 1391 1010 1424 27.
1055 1392 1124 1428 Quo
1147 1391 1248 1421 studio
1272 1394 1367 1421 vitam

863 1440 949 1459 suam
992 1435 1022 1460 te
1065 1431 1187 1460 absente
1232 1432 1367 1467 eoeeqerit.

865 1469 978 1498 Heaut.
1014 1469 1044 1498 ii.
1084 1469 1112 1505 3,
1146 1469 1193 1499 39.
1248 1470 1369 1499 Eoeacta

864 1511 971 1536 aetate.
990 1507 1121 1546 Adelph.
1138 1518 1164 1537 v,
1184 1508 1213 1544 4,
1230 1507 1275 1537 16.
1306 1509 1368 1537 Νο-

864 1556 916 1574 vas
931 1547 983 1584 qui
997 1550 1115 1575 exactas
1127 1547 1185 1576 feci
1200 1552 1234 1576 ut
1252 1547 1367 1576 invete-

864 1589 1022 1614 rascerent.
1052 1585 1170 1614 Partim
1185 1595 1253 1614 sum
1264 1595 1368 1615 earum

864 1626 991 1653 emotus.
1015 1623 1105 1653 Hec.*
1115 1623 1179 1653 Alt.
1197 1624 1279 1654 Prol.
1296 1626 1325 1660 4,
1341 1624 1367 1655 7.

866 1662 928 1691 Ubi
957 1663 1070 1692 duxere
1099 1662 1231 1701 impulsu
1258 1667 1368 1699 vestro,

866 1705 964 1730 vestro
1004 1701 1139 1739 impulsu
1164 1702 1283 1731 easdem
1309 1702 1369 1730 emi-

860 1742 943 1777 qunt.
967 1739 1044 1769 Hec.
1060 1740 1090 1768 ii.
1109 1739 1135 1775 1,
1150 1740 1197 1770 45.
1241 1740 1285 1769 Ut
1301 1739 1370 1769 reli-

865 1788 958 1816 quam
985 1779 1079 1808 vitam
1108 1779 1207 1817 exigat
1233 1788 1304 1808 cum
1335 1789 1370 1808 eo

867 1818 941 1846 viro.
966 1817 1043 1846 Hec.
1060 1817 1103 1846 iii.
1120 1816 1148 1852 5,
1163 1817 1211 1846 40.

904 1855 1017 1893 emique]
1067 1855 1218 1885 Praebent
1269 1856 1370 1894 emi-que

866 1899 1011 1923 sumtum.
1035 1894 1148 1923 Heaut.
1164 1895 1184 1923 i.
1199 1894 1228 1931 2,
1243 1894 1289 1924 33.

906 1932 1042 1970 exilium]
1078 1932 1210 1967 Perit-la,
1250 1934 1370 1970 damna,

866 1970 966 2000 milia.
990 1971 1113 2000 Phorm.
1131 1972 1162 2000 ii.
1181 1971 1207 2007 1,
1225 1970 1270 2000 13.

905 2009 1047 2048 nimius]
1065 2010 1159 2038 Utine
1167 2011 1308 2039 mimium
1318 2020 1370 2039 ne-

867 2049 984 2078 minem
1008 2049 1160 2078 habeam?
1191 2049 1268 2078 Hec.
1296 2049 1316 2078 i.
1344 2048 1371 2086 l,

904 2124 1017 2164 eoeimo]
1034 2125 1068 2154 Si
1083 2130 1113 2154 te
1127 2125 1198 2154 inde
1205 2126 1371 2161 exemerim,

866 2174 920 2200 ego
935 2174 988 2202 pro
1012 2168 1042 2193 te
1062 2163 1186 2193 molam.
1210 2164 1291 2193 And.
1307 2164 1325 2193 i.
1341 2164 1371 2198 2,

904 2239 1098 2278 eoeistinustio]
1120 2239 1291 2268 Arbitrium
1306 2249 1370 2269 ves-

866 2283 958 2309 trum.
973 2282 1072 2307 vestra
1094 2278 1271 2306 existimatio
1288 2278 1370 2307 vale-

866 2317 920 2345 bit.
944 2316 1057 2345 Heaut.
1075 2316 1156 2345 Prol.
1173 2316 1220 2345 25.

903 2354 1052 2393 ewistimo]
1090 2354 1121 2383 Si
1150 2355 1218 2392 quis
1246 2360 1291 2383 est
1318 2356 1368 2392 qui

865 2393 980 2422 dictum
996 2393 1029 2422 in
1043 2403 1073 2421 se
1088 2393 1303 2422 inclementius
1322 2403 1368 2422 εκ.

865 2431 1005 2460 istimaln‘t
1037 2441 1110 2468 esse,
1138 2432 1180 2460 sic
1217 2432 1367 2461 eaistimet.

866 2469 945 2499 Eun.
963 2469 1046 2499 Prol.
1062 2469 1089 2499 5.
1126 2470 1235 2499 Metuo
1249 2470 1370 2508 qualem

865 2513 896 2536 tn
913 2518 962 2537 me
975 2518 1040 2537 esse
1051 2508 1204 2538 hominem
1216 2509 1368 2538 eaeistimes.

867 2546 946 2575 Eun.
963 2547 1003 2576 iv.
1028 2547 1056 2582 6,
1080 2546 1126 2576 20.
1171 2547 1217 2576 Ea
1236 2552 1303 2576 tum
1325 2557 1370 2576 res

865 2586 950 2614 dedit
961 2585 1153 2614 emistimandi
1161 2586 1286 2623 copiam.
1305 2586 1370 2615 He-

864 2628 925 2652 aut.
942 2624 973 2653 ii.
989 2623 1016 2659 3,
1031 2623 1078 2652 41.
1109 2624 1213 2652 Bonus
1227 2634 1258 2653 es
1273 2634 1369 2662 quum

865 2662 938 2691 haec
951 2662 1110 2691 existimas.
1135 2661 1265 2700 Adelph.
1286 2673 1314 2691 v,
1339 2663 1368 2698 6,

866 2700 892 2730 9.
937 2700 987 2729 Ad
1015 2700 1190 2738 exemplum
1212 2701 1369 2730 ambarum

865 2748 964 2767 mores
1023 2748 1128 2768 earum
1189 2740 1367 2768 existimans.

867 2777 942 2806 Hec.
958 2778 977 2806 i.
998 2777 1028 2812 2,
1050 2776 1098 2806 88.
1142 2777 1209 2805 Nisi
1233 2778 1276 2806 ita
1297 2788 1367 2807 eum

864 2815 1083 2845 mistimassem.
1120 2815 1244 2845 Phorm.
1274 2816 1303 2845 ii.
1341 2817 1368 2853 3,

904 2891 1039 2930 eoeitium]
1061 2892 1105 2921 At
1119 2892 1174 2920 tibi
1188 2892 1230 2921 Di
1243 2893 1369 2930 dignum

864 2931 952 2960 factis
964 2931 1086 2960 eaitium
1099 2931 1197 2959 duint.
1220 2931 1301 2960 And.
1328 2932 1367 2961 iv.

870 2971 895 3005 l,
910 2969 957 2999 42.
1001 2969 1090 3005 Quod
1113 2979 1167 3007 ego
1189 2969 1262 2998 huic
1286 2980 1368 2999 nunc

867 3009 966 3038 subito
979 3008 1070 3038 exitio
1093 3008 1263 3037 remedium
1285 3008 1368 3038 inve-

1416 385 1500 415 niam
1528 384 1643 414 miaer?
1677 383 1802 415 Phorm.
1836 385 1857 416 i.
1890 385 1920 424 4,

1416 424 1592 500 23eoeonero]
1614 461 1738 500 Nosque
1749 485 1756 492 .
1772 484 1780 492 .
1797 483 1806 492 .
1818 472 1921 493 omne-

1416 502 1506 531 rastis
1519 505 1615 530 metu.
1637 500 1762 530 Phorm.
1780 511 1807 529 v.
1822 501 1852 538 6,
1866 501 1894 531 3.

1455 540 1576 578 arepto]
1608 539 1750 584 Quorum
1773 539 1921 569 aemulari

1416 577 1816 646 Ἣιαέοῗεὲῗὲξὲἑίἲέἳ.
1838 579 1922 647 {4¹32

1417 627 1533 694 tipliila,
1556 655 1690 684 maxime
1711 639 1826 690 animo,

1415 697 1510 723 tutam
1531 696 1625 723 meo?
1646 693 1758 723 Heaut.
1780 694 1813 723 ii.
1828 695 1858 730 4,
1871 693 1920 724 m.

1418 732 1530 771 Illique
1538 735 1652 771 exopto,
1662 737 1697 762 ut
1707 733 1802 762 vitam
1811 733 1923 772 exigat.

1417 771 1493 800 Hec.
1508 772 1549 801 iii.
1565 771 1594 808 5,
1612 770 1656 800 10.
1700 771 1808 810 ltaque
1821 772 1923 801 obtin·

1415 815 1488 877 {init
1500 820 1539 855 ex
1558 814 1587 877 ἐξ
1609 819 1687 878 guae
1706 813 1811 849 exopto
1833 809 1920 841 mihi.

1451 859 1493 878 ec.
1510 859 1550 878 lv.
1587 871 1595 882 .
1630 872 1636 878 .

1455 887 1607 926 emor-ator]
1629 887 1740 916 Orator
1753 887 1791 917 ad
1804 897 1858 917 vos
1870 897 1922 918 ve-

1417 927 1487 956 nio:
1504 926 1596 955 sinite
1604 930 1744 956 cmv-ator
1752 926 1820 956 sim.
1843 925 1921 956 Hec.

1419 964 1483 994 Alt.
1499 964 1582 994 Prol.
1597 964 1627 995 2.

1454 1004 1594 1033 exordior
1657 1002 1748 1033 Unde
1779 1003 1923 1033 wardia»-

1417 1052 1545 1072 narrare.
1614 1051 1657 1072 ec.
1673 1043 1717 1072 iii.
1730 1042 1759 1079 3,
1772 1042 1801 1072 2.

1454 1080 1584 1119 eoeorior]
1625 1081 1673 1111 Tu
1707 1080 1771 1110 sola
1801 1090 1922 1110 mrem

1437 1130 1504 1155 uae,
1518 1120 1674 1159 perturbes
1689 1119 1771 1149 haec.
1793 1119 1870 1150 Hec.
1886 1120 1920 1150 ii.

1436 1182 1444 1194 ,
1462 1158 1506 1188 16.
1530 1159 1560 1188 A
1587 1158 1748 1196 Myrrhina
1761 1158 1835 1188 haec
1849 1162 1922 1188 sunt

1415 1207 1482 1226 mea
1494 1207 1588 1226 uxore
1596 1200 1700 1226 exorta
1710 1198 1823 1227 omnia.
1842 1197 1920 1228 Hec.
1967 1218 1971 1219 ν

1416 1236 1456 1265 iv.
1473 1237 1502 1273 4,
1521 1235 1564 1265 10.
1882 1262 1889 1267 .

1415 1274 1923 1348 ιαέΐζῖἶῖοέἒῖἶῖἳῑῨὲῗῗσἭζ

1414 1355 1589 1381 emrnatum
1603 1352 1690 1382 dabo.
1718 1352 1832 1382 Heaut.
1849 1362 1877 1382 v.
1893 1351 1922 1389 l,

1416 1390 1555 1468 77eac-oro]
1575 1429 1681 1459 Restat
1694 1429 1852 1466 Chremes,
1867 1429 1922 1469 qui

1416 1468 1493 1497 mihi
1517 1468 1686 1498 exorandus
1705 1473 1761 1498 est.
1792 1469 1874 1498 And.
1899 1469 1920 1499 i.

1418 1506 1444 1541 l,
1467 1506 1532 1536 140.
1575 1507 1712 1536 Gnatum
1731 1511 1767 1536 ut
1785 1507 1836 1536 det
1858 1517 1921 1544 oro,

1415 1546 1811 1614 ῐιῆιὲεᾼιεςεεοὼῆεει

1417 1633 1444 1651 v.
1462 1622 1489 1659 3,
1513 1623 1558 1653 30.
1583 1623 1661 1652 Eun.
1679 1623 1698 1652 i.
1720 1622 1750 1658 2,
1774 1622 1840 1659 105,
1864 1625 1919 1654 διο.
1965 1631 1970 1633 ”
2015 1619 2017 1630 ³

1419 1661 1510 1690 Haud
1528 1661 1666 1699 longum,
1680 1666 1726 1691 est
1740 1662 1820 1700 quod
1835 1666 1919 1691 ont:

1417 1703 1517 1729 eaeoret
1530 1700 1606 1729 sine.
1629 1699 1754 1730 Phorm.
1770 1700 1813 1730 iii.
1827 1699 1857 1737 2,
1871 1700 1920 1731 30.

1455 1740 1572 1777 erc-osso]
1597 1738 1751 1777 Congrum
1774 1739 1869 1768 iatum
1887 1739 1922 1768 in

1416 1787 1494 1816 aqua
1516 1778 1609 1807 sinito
1633 1776 1759 1806 ludere:
1790 1778 1843 1806 ubi
1866 1787 1883 1807 e
1903 1788 1922 1807 o

1416 1815 1752 1884 YPDJ‘QJ‘WWWW·
1787 1815 1888 1855 Adelp
1912 1838 1920 1847 .

1417 1864 1458 1884 ιιι.
1559 1877 1565 1884 .

1455 1877 1595 1932 εκῷεαῑο]
1619 1892 1718 1922 viden
1730 1903 1780 1922 me
1788 1891 1923 1923 consiliis

1416 1932 1477 1961 tuis
1501 1932 1681 1970 impeditum
1703 1933 1790 1961 esse?
1819 1931 1860 1961 D.
1875 1931 1922 1961 At

1415 1970 1662 2038 ''Rfflffl‘ffi
1688 1969 1922 2046 Ρῂῇψὲζέῗὲ

1418 2047 1500 2076 Ειιιι.
1526 2048 1566 2076 iv.
1594 2047 1624 2083 4,
1652 2046 1703 2079 27.
1745 2046 1823 2083 Vah,
1867 2057 1922 2076 uo·

1418 2087 1508 2115 modo
1535 2096 1585 2115 me
1614 2095 1652 2114 ex
1680 2085 1736 2114 hac
1865 2085 1872 2091 ‘
1891 2095 1922 2115 m

1418 2125 1514 2153 turba.
1539 2123 1671 2162 Adelph.
1694 2124 1735 2153 iv,
1755 2125 1783 2159 4,
1799 2123 1826 2152 6.
1869 2123 1922 2154 In-

1418 2163 1552 2200 peditum
1577 2163 1609 2191 in
1635 2172 1672 2191 eo
1698 2171 1713 2191 e
1745 2162 1835 2191 »adivi
1857 2163 1921 2192 ani-

1417 2210 1512 2229 mum.
1548 2201 1624 2230 Hec.
1656 2200 1700 2229 iii.
1751 2222 1758 2236 ‚
1789 2200 1835 2231 17.
1886 2200 1921 2230 Si

1418 2243 1510 2275 potes,
1533 2240 1625 2268 verbo
1648 2239 1762 2276 expedi.
1793 2239 1918 2270 Phorm.

1418 2277 1437 2305 i.
1452 2278 1480 2311 4,
1499 2277 1543 2306 19.
1588 2277 1631 2307 Te
1646 2277 1703 2306 hoc
1723 2278 1852 2307 crimine
1871 2287 1919 2308 ecc-

1413 2316 1493 2353 pedi.
1518 2315 1593 2345 Hec.
1610 2326 1637 2345 v.
1655 2315 1682 2352 l,
1695 2315 1743 2344 29.
1775 2315 1921 2345 Dilucide
1981 2316 1984 2320 ’
2018 2321 2020 2349 :

1415 2354 1552 2392 expedivi
1578 2355 1688 2393 quibus
1712 2364 1761 2384 me
1788 2356 1921 2393 oportuit

1414 2393 1577 2431 judicibus.
1602 2393 1726 2422 Phorm.
1738 2393 1774 2422 ii.
1788 2393 1817 2428 3,
1831 2393 1880 2423 52.
1925 2415 1927 2419 .

1455 2430 1586 2470 expedit]
1612 2431 1702 2460 Nihil
1736 2432 1809 2461 satis
1838 2432 1920 2462 firmi

1417 2470 1505 2499 video
1546 2470 1743 2508 quamobrem
1787 2470 1920 2508 accipere

1418 2508 1497 2537 hunc
1524 2508 1601 2537 mihi
1721 2509 1766 2537 iat
1791 2512 1919 2539 metum.

1418 2547 1531 2576 Heaut.
1547 2547 1579 2576 ii.
1595 2546 1625 2583 3,
1639 2546 1685 2576 96.
1838 2547 1844 2554 ’
1867 2547 1920 2576 bo—

1416 2595 1469 2614 nas
1493 2595 1556 2614 esse
1579 2584 1664 2614 volis.
1687 2585 1801 2615 Heaut.
1825 2586 1865 2615 ἰν.
1889 2585 1920 2623 2,

1416 2624 1443 2652 8.
1487 2623 1649 2662 Nostrapte
1675 2623 1763 2660 eulpa
1792 2623 1921 2654 facimus
1976 2647 1977 2651 ,

1417 2667 1450 2691 ut
1459 2661 1555 2691 malos
1563 2662 1701 2700 apodiat
1709 2671 1781 2692 esse.
1794 2661 1919 2692 Phorm.

1416 2699 1579 2776 ν’ἓᾶριιὲἶίο]
1608 2738 1738 2768 Inventa
1761 2742 1807 2768 est
1832 2748 1922 2768 eausa.

1437 2787 1476 2806 ua
1498 2781 1528 2806 te
1549 2787 1564 2806 e
1605 2776 1730 2806 ellemnt.
1754 2777 1867 2807 Heaut.
1891 2787 1919 2807 v.

1438 2814 1506 2848 .36.
1550 2816 1579 2844 A
1618 2815 1673 2844 hac
1695 2824 1744 2844 me
1765 2815 1920 2853 expellere.

1417 2854 1529 2883 Heaut.
1546 2854 1577 2899 ii.
1594 2854 1622 2888 3,
1636 2853 1685 2887 20.

1418 2891 1803 2968 Armaxa,
1821 2901 1921 2960 Ἧι

1416 2969 1468 3008 phi
1483 2970 1524 2998 iv.
1540 2969 1569 3004 4,
1583 2968 1630 2997 22.

1455 3007 1609 3046 experior]
1647 3006 1762 3037 Omnia
1792 3007 1924 3046 experiri
