2020 3412
296 249 380 294 &8

298 364 380 395 Eun.
396 374 424 394 v.
447 362 477 399 7,
499 362 527 394 6.
570 363 701 394 Sudabis
723 364 806 402 satis,

297 404 322 433 si
343 413 414 433 cum
438 402 495 433 illo
518 403 648 442 inceptas
671 403 804 433 homine.

299 443 424 473 Phorm.
439 443 478 472 iv.
495 441 524 479 3,
538 441 586 472 24.

338 482 480 520 inceptor]
511 481 652 511 Mearum
666 481 806 520 volupta-

300 525 367 551 tum
382 522 519 550 omnium
541 521 694 555 inventor,
709 521 805 559 incep-

298 563 355 596 tor,
370 561 527 599 perfector.
552 560 631 589 Eun.
651 570 678 589 v.
693 559 722 595 8,
737 559 764 589 5.

338 600 496 638 inceptuth
538 599 659 628 Hocine
682 603 729 627 est
751 598 806 627 hu-

298 648 425 668 manum
440 639 553 668 factum
572 643 625 667 aut
639 637 807 675 inceptum?

300 678 382 707 And.
406 678 424 707 i.
442 677 471 714 5,
489 677 513 706 l.
557 677 641 706 Illud
662 678 807 714 inceptum

303 739 310 746 .
320 739 327 746 .
340 739 347 746 .
360 717 455 745 animi
466 724 511 745 est
523 716 664 753 pudentis
676 716 807 754 siguum,

299 760 331 785 et
345 766 405 784 non
421 755 580 784 instrenui.
611 754 726 784 Heaut.
742 755 761 783 i.
780 753 807 790 1,

301 793 348 826 67.
397 794 441 823 Ut
466 799 496 823 te
522 793 563 823 Di
588 793 734 832 Deaeque
749 815 756 823 .
775 816 783 823 .
799 816 806 822 .

299 842 370 862 cum
386 837 438 862 tuo
457 833 515 862 isto
535 834 661 862 invento
676 842 808 871 cumque

299 872 414 943 gncgpto
437 872 589 911 perduint.
625 871 741 902 Heaut.
764 872 806 902 iv.

321 934 328 947 ,
365 934 371 941 .

339 949 480 988 incertus]
507 949 658 980 Incertum
672 953 718 979 est
734 950 808 988 quid

300 999 395 1028 agam.
430 989 545 1019 Misera
557 989 651 1018 timeo
665 989 808 1018 incertum

300 1028 358 1058 hoc
373 1038 514 1067 quorsum
531 1029 657 1058 accidat.
689 1028 769 1057 And.
786 1029 806 1058 i.

300 1067 330 1105 5,
343 1067 392 1097 29.
436 1068 522 1104 Quae
537 1078 618 1097 nunc
635 1071 708 1096 sunt
728 1072 810 1097 certa

301 1107 330 1136 ei
357 1107 485 1136 consilia
512 1108 624 1136 incerta
655 1111 690 1136 ut
718 1107 806 1136 sient.

302 1146 385 1175 And.
400 1146 432 1175 ii.
449 1145 478 1182 3,
495 1145 540 1176 16.
577 1145 689 1175 Filiam
706 1146 807 1175 darem

301 1208 309 1215 .
326 1208 333 1215 .
350 1208 357 1214 .
373 1186 404 1214 in
419 1186 547 1214 incertas
559 1185 702 1224 nuptias?
725 1186 806 1215 And.

301 1234 330 1254 v.
354 1223 380 1260 1,
404 1223 449 1254 ll.
491 1224 612 1253 Incerta
632 1223 706 1253 haec
728 1225 751 1253 si
774 1229 807 1253 tu

323 1262 438 1293 ostules
458 1263 576 1292 ratione
597 1269 678 1292 certa
699 1263 806 1292 facere.

301 1273 384 1331 i'ilun.
400 1302 420 1332 i.
434 1301 460 1338 l,
475 1301 520 1332 16.
553 1302 654 1338 Quam
669 1302 808 1331 insistam

302 1341 386 1371 viam
407 1341 534 1371 incertus
557 1351 638 1370 sum.
672 1340 752 1371 Eun.
774 1341 807 1370 ii.

304 1379 332 1417 3,
361 1381 387 1410 4.
445 1380 536 1410 Nunc
558 1380 685 1409 habeam
713 1390 809 1409 necne

302 1419 446 1449 incertum
467 1424 521 1449 est.
564 1419 681 1448 Animo
699 1420 810 1448 incerto

302 1468 372 1496 prae
386 1459 586 1497 aegritudine.
615 1458 729 1488 Heaut.
745 1459 764 1487 i.
783 1457 809 1494 l,

302 1496 351 1533 43,
375 1497 424 1531 71.
467 1497 526 1536 Spe
553 1497 665 1526 incerta
692 1503 811 1526 certum

302 1536 381 1566 mihi
408 1536 543 1566 laborem
567 1535 688 1565 sustuli.
731 1535 808 1566 Hec.

305 1575 372 1606 Alt.
389 1575 472 1606 Prol.
489 1575 516 1605 9.
560 1575 649 1605 Fecit
668 1575 763 1604 animi
777 1579 812 1604 ut

303 1615 431 1644 incertus
451 1615 538 1644 foret.
575 1614 651 1643 Hec.
674 1614 694 1644 i.
717 1614 746 1651 2,
761 1614 809 1644 46.

305 1654 424 1683 Utveni
434 1654 541 1683 itidem
549 1654 809 1683 incertumamisti.

304 1693 383 1723 Hec.
403 1693 434 1722 ii.
457 1692 487 1729 2,
508 1693 535 1722 9.
579 1692 629 1722 De
649 1702 745 1722 uxore
765 1693 812 1722 in-

303 1735 399 1762 certus
426 1742 494 1761 sum
523 1732 616 1761 etiam
649 1732 723 1770 quid
754 1733 810 1762 sim

303 1771 447 1801 facturus.
479 1771 556 1801 Hec.
577 1771 617 1800 iv.
639 1771 668 1807 3,
688 1770 716 1800 8.
757 1771 812 1801 In-

303 1811 412 1840 certior
433 1820 501 1839 sum
522 1810 624 1839 multo
646 1820 735 1849 quam
757 1811 812 1840 du-

305 1849 390 1879 dum.
415 1849 539 1879 Phorm.
552 1849 583 1878 ii.
596 1849 625 1886 4,
639 1849 683 1879 19.
721 1849 811 1885 Quod

306 1889 430 1927 quidem
450 1899 499 1918 me
512 1889 629 1918 factum
644 1888 753 1918 consili
767 1890 810 1918 in-

303 1931 414 1996 {e2rtum
440 1928 522 1958 facit.
561 1927 686 1957 Phorm.
716 1929 757 1958 iv.
786 1928 813 1965 l,

345 2005 462 2045 incido]
487 2005 537 2035 Ex
551 2005 614 2045 ipsa
628 2016 660 2035 re
674 2005 752 2035 mihi
767 2006 812 2035 in-

306 2044 378 2074 cidit
398 2045 536 2084 suspicio.
560 2045 642 2075 And.
666 2045 697 2074 ii.
718 2044 748 2081 2,
763 2045 810 2074 22.

305 2083 496 2113 Jocularium
509 2085 539 2113 in
552 2084 670 2113 malum
682 2085 813 2114 insciens

325 2132 399 2151 aene
422 2123 522 2152 incidi.
555 2123 636 2152 And.
663 2123 702 2153 iv.
719 2123 810 2160 4,43.

338 2166 350 2190 t
364 2171 523 2199 nunquam
545 2161 610 2191 ulla
629 2162 724 2191 amori
746 2172 813 2191 ves-

305 2204 352 2228 tro
377 2200 506 2229 incidere
527 2201 619 2238 possit
646 2200 810 2229 calamitas.

308 2237 421 2267 Heaut.
438 2238 470 2267 ii.
487 2239 516 2274 4,
534 2238 580 2268 15.
623 2238 660 2267 In
684 2239 811 2268 eandem

304 2276 442 2305 fraudem
468 2286 507 2306 ex
532 2277 587 2306 hac
609 2287 641 2306 re
665 2281 755 2315 atque
774 2287 812 2306 ex

305 2314 361 2344 illa
383 2315 502 2345 incides.
526 2315 639 2345 Heaut.
661 2316 703 2345 iii.
722 2315 749 2351 l,
765 2315 810 2345 33.

307 2353 519 2392 Quodcunque
533 2354 670 2383 inciderit
684 2355 716 2383 in
726 2364 812 2384 men-

305 2395 379 2429 tem,
402 2392 494 2422 volet.
518 2392 631 2422 Heaut.
653 2393 698 2423 iii.
721 2392 748 2430 1,
763 2393 811 2425 75.

308 2430 408 2461 Tanta
436 2441 519 2461 nunc
543 2432 671 2469 suspicio
698 2433 735 2462 de
762 2443 811 2462 me

305 2470 420 2500 incidit.
443 2470 576 2509 Adelph.
591 2471 630 2500 ἰν.
646 2471 676 2507 4,
691 2470 718 2502 7.

345 2508 472 2548 incipio]
487 2509 667 2539 Amicitiam
680 2532 687 2539 .
698 2532 705 2539 .
718 2532 724 2539 .
735 2520 812 2548 quae

307 2547 424 2586 incepta
446 2557 465 2577 a
490 2549 589 2587 parvis
616 2558 686 2577 cum
713 2553 812 2578 aetate

306 2587 436 2616 accrevit
449 2586 552 2616 simul.
583 2586 664 2616 And.
679 2587 723 2617 iii.
740 2586 767 2623 3,
782 2588 809 2621 7.

309 2625 501 2655 Narrationis
521 2626 581 2655 inci
602 2626 625 2655 it
647 2626 726 2655 mihi
751 2627 812 2655 ini-

307 2664 397 2694 tium.
421 2664 503 2695 And.
519 2665 560 2695 iv,
598 2664 666 2702 ‚26.
708 2665 743 2695 Si
766 2665 811 2694 in-

306 2703 406 2741 cipies,
440 2713 539 2742 neque
572 2703 730 2743 pertendes
759 2714 812 2733 na-

306 2742 394 2771 viter.
431 2742 512 2772 Eun.
541 2743 564 2772 i.
593 2742 620 2780 l,
649 2742 676 2771 6.
728 2743 810 2780 Quid

308 2781 402 2818 igitur
422 2781 531 2811 faciam
554 2782 667 2811 miser?
701 2782 811 2821 Quidve

303 2818 470 2858 incipiam?
493 2820 572 2850 Eun.
586 2831 613 2850 V.
626 2821 654 2856 4,
668 2820 716 2850 45.
739 2820 812 2850 Jam

306 2862 372 2887 tum
387 2859 538 2897 inceperat
553 2860 639 2889 turba
657 2860 738 2899 inter
751 2870 809 2890 eos.

308 2895 390 2926 Eun.
414 2898 453 2927 iv.
480 2898 510 2934 4,
532 2898 578 2927 58.
603 2898 685 2934 Quid
710 2899 734 2927 si
754 2898 811 2929 hoc

307 2944 390 2964 nunc
412 2937 454 2965 sic
476 2937 643 2975 incipiam?
662 2937 740 2967 nihil
755 2943 809 2967 est.

309 2973 424 3005 Heaut.
451 2975 491 3005 iv.
516 2975 545 3009 2,
566 2975 594 3006 9.
637 2976 739 3015 Turpe
766 2977 810 3006 in—

303 3015 418 3052 ceptum
435 3017 490 3044 est.
513 3013 637 3044 Phorm.
657 3015 687 3045 ii.
710 3015 739 3052 4,
764 3014 809 3047 16.

1005 247 1204 293 INDEX

857 363 963 394 Herus
984 372 1022 392 ex
1033 363 1133 392 vetuit
1143 366 1214 392 ante
1226 362 1365 392 brumam

856 403 952 441 aliqui
1002 402 1072 430 novi
1101 402 1202 440 negoti
1226 402 1363 440 incipere.

859 442 982 472 Phorm.
999 441 1039 469 iv.
1055 440 1084 476 4,
1099 441 1146 470 29.

897 479 1112 519 inclementius]
1150 480 1212 517 Qui
1248 480 1364 510 dictum

858 521 889 549 in
910 529 940 548 se
959 517 1158 549 inclenwntius
1179 520 1366 549 existimavit

857 568 930 588 esse.
953 557 1033 586 Eun.
1051 558 1132 587 Prol.
1150 559 1177 588 4.

897 597 1070 635 incoyitans]
1089 598 1177 634 Quod
1193 598 1226 628 ni
1241 598 1364 627 fuissem

857 637 1028 674 incoyitans.
1071 636 1196 666 Phorm.
1226 638 1246 666 i.
1279 637 1307 672 3,
1337 637 1363 666 3.

860 677 967 706 Adeon
993 679 1023 704 te
1045 686 1109 705 esse
1135 676 1366 716 incogitantem?

860 715 984 745 Phorm.
1003 715 1045 744 iii.
1061 715 1091 751 2,
1108 715 1153 745 14.

897 753 1063 790 incolumis]
1097 754 1228 784 Posthac
1255 754 1366 784 incolu—

858 804 935 824 mem
956 798 1002 822 sat
1023 794 1086 823 scio
1112 795 1174 824 fore
1187 804 1247 824 me.
1282 794 1364 824 And.

860 834 903 863 iii.
928 833 957 867 5,
986 831 1013 861 5.
1057 833 1211 870 Parentes,
1259 833 1364 862 atriam

859 872 1043 902 incolumem.
1067 872 1180 903 Heaut.
1197 873 1218 902 i.
1255 895 1263 908 ,
1277 871 1325 902 20.

910 912 1104 951 incommode]
1177 911 1367 941 Incommode

859 951 969 981 hercle.
1009 951 1078 980 Imo
1101 961 1172 980 vero
1192 951 1364 980 infeliciter.

860 990 941 1020 Eun.
963 993 994 1022 ii.
1016 990 1044 1028 3,
1066 990 1112 1020 88.
1155 990 1231 1019 Tam
1257 990 1366 1020 incom-

859 1030 945 1059 mode
972 1031 1036 1060 inis
1060 1030 1122 1059 fors
1145 1029 1296 1059 obtulerat
1315 1029 1365 1059 ad-

859 1075 988 1099 ventum
1015 1079 1129 1099 meum.
1163 1069 1239 1098 Hec.
1266 1069 1311 1098 iii.
1337 1067 1366 1104 3,

861 1107 906 1138 10.
948 1109 1138 1138 Incommode
1153 1108 1229 1137 mihi
1250 1108 1367 1150 ¹nuptiis

859 1149 973 1178 evenit.
998 1149 1074 1178 Hec.
1091 1158 1119 1177 V.
1135 1147 1164 1183 3,
1179 1147 1226 1177 40.

897 1185 1139 1225 incommoditas]
1174 1187 1292 1224 Nempe
1321 1187 1365 1215 in-

858 1228 1051 1256 commoditas
1070 1227 1201 1264 deinque
1222 1225 1281 1255 huc
1301 1235 1366 1254 om-

860 1266 908 1294 nis
936 1266 1023 1295 redit.
1076 1266 1157 1295 And.
1188 1265 1231 1294 iii.
1261 1264 1289 1300 3,
1317 1264 1364 1293 35.

861 1304 943 1340 Quot
971 1304 1224 1334 incommoditates
1250 1303 1283 1332 in
1311 1303 1366 1332 hac

859 1353 890 1372 re
902 1344 1039 1411 chpies,
1050 1345 1109 1373 nisi
1120 1353 1206 1372 caves
1215 1343 1230 1372 P
1251 1342 1364 1372 Heaut.

861 1393 888 1411 v.
927 1406 935 1418 ,
970 1383 997 1412 9.

897 1421 1092 1461 incommodo]
1114 1421 1196 1450 Mihi
1210 1425 1245 1450 ut
1258 1421 1367 1450 incom—

861 1461 966 1490 modet.
990 1461 1071 1490 And.
1088 1462 1108 1490 i.
1126 1460 1152 1496 1,
1170 1459 1234 1490 135.

899 1500 1128 1535 incommodum]
1174 1498 1224 1528 Ex
1257 1499 1365 1528 incom-

860 1539 956 1568 modis
973 1539 1097 1569 alterius
1121 1548 1174 1568 sua
1193 1543 1229 1567 ut
1248 1548 1367 1577 compa-

860 1582 928 1607 rent
942 1578 1108 1607 commoda.
1141 1577 1221 1607 And.
1237 1577 1278 1607 iv.
1296 1576 1324 1613 1,
1339 1576 1365 1606 3.

859 1617 1055 1647 Incommoda
1069 1622 1159 1655 atque
1173 1616 1299 1656 injurias
1309 1616 1368 1645 viri

861 1666 966 1686 omnes
990 1657 1077 1686 ferre.
1115 1656 1192 1685 Hec.
1217 1657 1236 1685 i.
1261 1654 1291 1693 2,
1319 1654 1365 1685 90.

861 1695 921 1724 Hic
947 1696 1003 1725 tibi
1030 1694 1110 1725 nihil
1136 1699 1182 1725 est
1205 1695 1366 1733 quicquam

860 1735 1047 1765 incommodi.
1083 1735 1161 1764 Hec.
1189 1734 1233 1764 iii.
1262 1734 1291 1771 3,
1320 1734 1367 1763 40.

863 1773 965 1803 Multa
992 1784 1029 1804 ex
1058 1784 1118 1813 quo
1145 1773 1258 1802 fuerint
1285 1783 1368 1803 com-

861 1813 962 1850 moda,
997 1813 1063 1852 ejus
1096 1812 1282 1842 incommoda
1319 1821 1368 1841 ae-

862 1862 956 1890 quum
972 1857 1017 1882 est
1028 1853 1115 1882 ferre.
1138 1852 1215 1881 Hec.
1232 1861 1260 1881 ν.
1277 1851 1305 1887 3,
1320 1851 1366 1881 42.

863 1891 1012 1920 Meditata
1046 1891 1122 1920 mihi
1158 1895 1230 1920 sunt
1266 1891 1371 1920 omnia

861 1940 930 1959 mea
956 1931 1151 1960 incommoda.

863 1968 964 2006 1,18;
986 1970 1024 1998 iv.
1043 1969 1071 2006 3,
1085 1969 1133 2001 47.

906 2009 1117 2044 incommodus]
1176 2007 1369 2038 Incommoda

861 2046 922 2077 alia
937 2054 1009 2076 sunt
1031 2048 1165 2077 dicenda.
1194 2047 1274 2076 Eun.
1291 2047 1322 2076 ii.
1340 2046 1367 2084 3,

863 2086 910 2116 39.
953 2087 1022 2117 Hoc
1037 2097 1091 2125 ego
1108 2087 1239 2126 proferre
1259 2087 1367 2115 incom-

862 2126 982 2155 modum
995 2126 1039 2155 mi
1055 2136 1118 2155 esse
1129 2127 1266 2154 arbitror.
1289 2125 1366 2155 Hec.

863 2165 882 2193 i.
898 2164 927 2199 2,
943 2165 989 2197 78.
1034 2165 1096 2194 Ain
1119 2170 1153 2193 tu
1174 2165 1230 2193 tibi
1253 2164 1309 2193 hoc
1323 2165 1367 2193 in-

861 2203 1046 2232 commodum
1069 2204 1204 2232 evenisse
1225 2203 1307 2232 iter?
1335 2203 1366 2232 S.

864 2241 935 2270 Non
965 2241 1067 2271 hercle
1095 2242 1196 2270 verbis
1223 2264 1230 2270 .
1247 2263 1254 2270 .
1271 2263 1277 2270 .
1307 2242 1367 2270 dici

861 2284 958 2318 potest
985 2285 1105 2310 tantum
1128 2290 1219 2318 quam
1244 2289 1277 2309 re
1305 2281 1368 2318 ipsa

862 2319 1001 2357 navigare
1050 2319 1266 2348 incommodum
1313 2324 1366 2348 est.

862 2357 939 2386 Hec.
964 2358 1007 2387 iii.
1030 2357 1059 2393 4,
1087 2357 1114 2394 l,
1139 2357 1164 2387 3.
1208 2357 1280 2387 Non
1302 2362 1367 2387 tute

859 2396 1076 2425 incommodam
1094 2406 1168 2433 rem,
1183 2402 1218 2426 ut
1232 2407 1367 2435 quaeque

860 2439 915 2471 est,
937 2435 968 2464 in
984 2436 1123 2464 animum
1138 2436 1263 2465 induces
1282 2438 1342 2475 pati
1353 2438 1367 2466 P

861 2473 938 2503 Hec.
955 2474 995 2503 iv.
1011 2474 1039 2509 2,
1054 2474 1104 2506 27.

912 2513 1105 2549 incredibilis]
1172 2512 1368 2543 Incredibilia

861 2550 1012 2581 Parmeno
1026 2553 1116 2581 modo
1131 2562 1207 2590 quae
1221 2554 1363 2582 narravit.

861 2589 940 2619 Eun.
958 2601 983 2620 v.
1001 2590 1029 2627 8,
1047 2590 1090 2620 19.
1134 2591 1195 2620 Vin
1215 2601 1266 2620 me
1288 2593 1366 2621 istuc

861 2629 928 2664 tibi,
954 2630 1010 2658 etsi
1033 2630 1202 2659 incredibile
1223 2635 1277 2666 est,
1303 2641 1364 2660 cre-

861 2667 954 2696 dere?
977 2668 1091 2698 Heaut.
1112 2669 1151 2698 iv.
1173 2668 1201 2704 1,
1223 2668 1269 2698 ll.
1313 2669 1364 2699 In-

859 2705 995 2735 credibili
1018 2717 1050 2736 re
1071 2712 1163 2746 atque
1182 2709 1273 2737 atroci
1299 2718 1364 2746 per-

861 2745 946 2775 citus.
970 2745 1046 2775 Hec.
1062 2746 1104 2775 iii.
1127 2745 1154 2783 3,
1177 2746 1220 2777 17.
1262 2746 1364 2776 Incre-

859 2783 947 2813 dibile
969 2784 1025 2813 hoc
1049 2785 1127 2814 mihi
1152 2785 1269 2822 obtigit.
1311 2786 1363 2815 In-

859 2822 996 2852 credibile
1018 2828 1062 2852 est
1085 2828 1232 2861 quantum
1255 2824 1363 2854 herum

860 2863 1137 2932 inbee‘l‘fapientia'
1180 2863 1303 2893 Phorm.
1321 2864 1352 2893 ii.

882 2923 889 2937 2
926 2923 933 2935 ς
988 2922 995 2929 ·

898 2939 1048 2973 incurvus]
1075 2939 1233 2975 Incurvas,
1250 2944 1363 2970 tremu-

859 2977 918 3013 lus,
943 2977 1031 3007 labiis
1055 2978 1201 3014 demissis,
1230 2989 1361 3017 gemens.

861 3015 939 3046 Eun.
955 3016 986 3046 ii.
1002 3016 1030 3054 3,
1045 3016 1092 3046 44.

1184 1930 1308 1960 Phorm.
1334 1931 1366 1959 ii.

1448 361 1560 398 incuso]
1598 360 1681 397 Quid
1708 369 1759 392 me
1787 361 1914 400 enm,

1411 399 1574 440 Olitipbo?
1608 401 1721 431 Heaut.
1756 410 1785 431 v.
1820 399 1851 438 2,
1884 401 1912 434 7.

1412 439 1476 468 Nos
1500 440 1565 479 jam
1589 440 1706 469 dudum
1733 439 1784 470 hie
1807 444 1838 470 te
1863 440 1915 474 ab·

1411 484 1528 508 sentem
1561 480 1739 509 incusamus.
1788 477 1912 509 Pho'rm.

1410 518 1453 547 iii.
1480 517 1506 554 l,
1529 517 1556 550 7.
1600 519 1685 555 Quae
1707 522 1773 548 tute
1796 518 1914 549 dudum

1410 567 1566 629 ⁰017n¹211ne
1574 558 1772 587 incusaveras.
1787 556 1911 590 Phorm.

1412 606 1438 626 v.
1476 619 1483 626 .
1539 620 1545 626 .

1450 635 1530 671 inde]
1552 635 1597 666 Te
1621 636 1652 665 in

1411 675 1518 704 dedam
1622 685 1658 704 ea
1688 685 1740 714 ege
1763 678 1868 705 ...ut
1886 675 1914 704 si

1412 719 1441 743 tc
1462 714 1531 743 inde
1549 714 1715 743 exemerim
1736 724 1792 753 ego
1812 724 1865 753 pro
1884 718 1915 743 te

1411 753 1534 782 molam.
1558 753 1638 783 And.
1660 754 1680 784 i.
1702 752 1732 790 2,
1753 753 1800 785 29.
1842 753 1915 785 Jam

1411 793 1480 821 inde
1494 802 1589 831 usque
1603 802 1621 821 a
1633 793 1772 832 pueritia.
1800 791 1914 826 Heaut.

1412 832 1431 861 i.
1447 831 1476 868 2,
1492 831 1518 861 9.
1561 831 1633 861 Jam
1657 831 1724 861 inde
1742 831 1780 861 ab
1799 830 1916 861 adoles-

1411 871 1519 901 centia.
1543 870 1675 910 Adelph.
1690 872 1709 900 i.
1727 869 1753 905 1,
1772 869 1816 901 16.
1849 870 1916 900 Ux-

1412 920 1495 939 orem
1510 910 1598 940 duxit
1613 933 1620 939 .
1637 933 1644 940 .
1657 932 1664 940 .
1681 909 1724 940 Et
1736 909 1805 939 inde
1819 909 1915 939 filiam

1412 950 1540 988 suscepit
1563 950 1628 986 jam
1651 959 1754 979 unam.
1789 948 1914 980 Phorm.

1411 998 1439 1018 v.
1476 988 1505 1024 8,
1543 987 1590 1019 18.
1651 987 1710 1019 See
1746 987 1845 1019 Index
1883 994 1916 1018 to

1413 1027 1518 1057 Notes.

1451 1066 1593 1105 indicens]
1613 1066 1682 1096 Non
1702 1076 1753 1097 me
1772 1065 1916 1097 indicente

1410 1105 1484 1136 haee
1499 1106 1586 1136 fiunt.
1616 1104 1747 1145 Adelph.
1763 1105 1807 1135 iii.
1822 1105 1852 1141 4,
1866 1105 1915 1135 62.

1449 1145 1606 1180 indicium]
1630 1144 1761 1183 Egomet
1781 1155 1853 1174 meo·
1869 1145 1916 1174 in-

1411 1183 1488 1213 dicio
1503 1207 1509 1213 .
1527 1206 1533 1213 .
1551 1207 1558 1214 .
1573 1185 1659 1222 perii.
1682 1183 1763 1213 Eun.
1778 1194 1807 1213 v.
1823 1184 1851 1218 6,
1865 1183 1914 1214 23.

1412 1223 1491 1252 Mihi
1507 1222 1595 1262 quale
1614 1223 1769 1262 ingenium
1791 1223 1917 1253 haberes

1412 1262 1471 1292 fuit
1491 1262 1600 1291 indicio
1619 1263 1723 1292 oratio.
1752 1262 1865 1294 Heaut.
1880 1262 1914 1292 ii.

1410 1301 1438 1336 4,
1453 1301 1481 1331 4.
1524 1301 1627 1337 Quum
1649 1301 1696 1331 illi
1737 1300 1821 1331 ericli
1836 1300 1917 1331 nihil

1411 1350 1450 1369 ex
1474 1340 1585 1370 indicio
1606 1341 1673 1371 siet.
1696 1311 1810 1371 Ifeaut.
1826 1340 1870 1370 iii.
1887 1339 1914 1377 1,

1411 1379 1438 1408 6.
1494 1379 1612 1409 Indicio
1638 1380 1676 1410 dc
1703 1389 1734 1410 se
1760 1380 1769 1409 i
1807 1389 1824 1410 e
1846 1379 1915 1410 erit.

1413 1418 1545 1457 Adelph.
1581 1419 1663 1448 Prol.
1691 1419 1720 1448 4.
1790 1419 1809 1448 d
1839 1428 1916 1449 anus

1411 1457 1487 1486 mihi
1509 1458 1654 1488 indicium
1673 1458 1754 1488 feeit.
1782 1457 1914 1497 Adelph.

1412 1497 1452 1526 iv.
1477 1497 1506 1533 4,
1531 1497 1558 1526 9.
1603 1497 1638 1526 ld
1662 1507 1744 1526 nunc
1767 1506 1815 1526 res
1838 1497 1917 1527 indi-

1410 1536 1490 1565 cium
1500 1535 1573 1565 haec
1583 1536 1665 1566 facit.
1687 1536 1764 1566 Hec.
1775 1536 1815 1566 iv.
1829 1535 1857 1572 l,
1866 1534 1916 1567 31.

1451 1574 1563 1613 indico]
1577 1574 1851 1606 Adolesoentulum
1862 1584 1917 1605 no-

1412 1613 1514 1644 bilitas
1533 1614 1665 1652 flagitiis,
1678 1619 1710 1644 et
1723 1614 1856 1644 eundem
1871 1614 1917 1644 in-

1414 1653 1506 1683 dicas.
1530 1653 1610 1683 Eun.
1625 1663 1654 1683 v.
1670 1653 1699 1689 6,
1713 1652 1761 1683 21.

1451 1692 1606 1728 indictum]
1627 1692 1715 1729 Quod
1731 1693 1858 1729 dictum,
1871 1692 1917 1725 ὑι-

1413 1731 1525 1760 dictum
1538 1737 1592 1762 est.
1615 1731 1742 1762 Phorm.
1753 1742 1781 1762 v.
1795 1731 1826 1767 7,
1841 1730 1889 1762 58.

1451 1770 1587 1806 Indicus]
1621 1770 1800 1810 Elephantis
1824 1780 1917 1810 quem

1412 1809 1529 1878 ingiam
1548 1810 1738 1848 praefecerat.
1767 1809 1848 1840 Eun.
1869 1810 1915 1840 iii.

1433 1871 1441 1885 ‚
1496 1872 1503 1879 .

1451 1887 1581 1926 indigeo]
1603 1887 1697 1924 Quasi
1718 1892 1752 1918 tu
1765 1887 1858 1918 hu'us
1871 1888 1917 1918 in-

1412 1927 1513 1965 diqeas
1526 1927 1626 1966 patris.
1646 1927 1733 1962 ⁴And.
1749 1937 1778 1957 V.
1815 1951 1822 1963 ,
1839 1926 1884 1957 19.

1451 1966 1582 2004 indique}
1603 1965 1691 1996 Facis
1708 1967 1782 1996 adeo
1798 1965 1918 2004 indiyne

1413 2005 1558 2044 injuriam
1572 2004 1627 2034 illi.
1654 2005 1768 2036 Heaut.
1784 2005 1830 2036 iii.
1843 2003 1872 2041 8,
1887 2005 1915 2036 4.

1413 2044 1470 2074 Cui
1492 2045 1620 2074 miserae
1641 2045 1760 2084 indiyne
1779 2053 1831 2083 per
1853 2044 1916 2074 vim

1412 2084 1522 2112 vitium
1537 2083 1696 2114 obtulerat.
1724 2083 1856 2122 Adelph.
1870 2083 1914 2114 iii.

1411 2122 1440 2158 2,
1459 2121 1504 2151 10.
1540 2121 1684 2152 Clamant
1697 2132 1802 2152 omnes
1823 2123 1829 2130 ”
1868 2122 1884 2155 γ’

1411 2161 1530 2190 nissime
1547 2161 1662 2190 factum
1677 2171 1750 2191 esse.
1781 2160 1884 2200 Adelp
1906 2184 1914 2191 .

1413 2201 1431 2229 i.
1447 2199 1476 2235 2,
1493 2198 1539 2228 11.
1581 2199 1634 2228 llli
1653 2201 1780 2230 miserae
1796 2200 1916 2239 indigne

1410 2239 1520 2268 factam
1554 2238 1700 2268 in‘uriam
1735 2239 1914 2269 contexerint

1413 2277 1488 2306 Hec.
1514 2277 1557 2307 iii.
1600 2300 1607 2314 ,
1627 2278 1674 2308 41.
1715 2278 1845 2317 Iudiyne
1868 2278 1915 2309 in-

1408 2317 1490 2355 juria
1513 2316 1669 2347 afficiatur.
1691 2317 1816 2347 Phorm.
1836 2326 1865 2346 v.
1887 2316 1915 2354 l,

1411 2355 1438 2385 3.
1483 2355 1534 2384 An
1563 2356 1726 2394 quicquam
1753 2356 1847 2386 hodie
1869 2362 1916 2387 est

1410 2395 1525 2462 {angam
1545 2394 1720 2434 indignius?
1741 2395 1866 2425 Phorm.
1884 2405 1914 2426 v.

1450 2472 1597 2510 indignus]
1619 2472 1799 2510 clamitans,
1817 2472 1916 2511 indiff-

1410 2522 1481 2541 num
1504 2511 1628 2541 facinus.
1653 2512 1734 2541 And.
1757 2512 1777 2542 i.
1797 2511 1824 2548 1,
1847 2510 1912 2542 118.

1411 2551 1439 2581 Ο
1460 2550 1615 2588 indiqnum
1634 2551 1760 2581 facinus.
1789 2551 1867 2582 Eun⁴
1893 2552 1912 2581 i.

1412 2590 1438 2626 l,
1460 2589 1509 2619 25.
1554 2590 1692 2628 Indiqnis
1712 2600 1768 2619 nos
1786 2599 1850 2620 esse
1873 2589 1915 2619 ir-

1409 2630 1483 2659 risas
1505 2630 1612 2660 modis.
1646 2629 1724 2659 Eun.
1749 2629 1789 2658 iv.
1811 2628 1840 2666 4,
1865 2628 1913 2658 43.

1412 2669 1459 2698 Tu
1471 2669 1609 2708 indiffims
1623 2668 1674 2706 qui
1688 2668 1808 2697 faceres.
1831 2667 1913 2698 Eun.

1410 2718 1437 2737 v.
1453 2707 1482 2743 2,
1496 2708 1545 2743 27.
1587 2706 1608 2736 J
1612 2707 1811 2745 usjurandum
1831 2706 1914 2736 dabi-

1409 2751 1468 2783 tur,
1493 2751 1523 2777 te
1546 2757 1609 2777 esse
1627 2746 1782 2783 indiqnum
1803 2745 1915 2784 injuria

1409 2785 1482 2822 hac-3
1498 2786 1628 2825 indiqnis
1641 2794 1710 2813 cum
1725 2787 1844 2823 egomet
1853 2784 1914 2813 sim

1408 2830 1547 2893 afficeptlps
1560 2824 1666 2891 modis,
1690 2822 1820 2890 Adelpllil.
1835 2823 1868 2852 ii.
1886 2822 1914 2891 Ιέ

1450 2887 1455 2892 .
1528 2871 1900 2894 emuam...iaau

1409 2912 1458 2932 me
1479 2903 1641 2941 indiqnam.
1668 2899 1799 2939 Adelph.
1816 2900 1860 2930 iii.
1882 2899 1912 2937 2,

1407 2940 1455 2971 51.
1498 2941 1583 2971 Haec
1617 2946 1647 2970 te
1677 2939 1836 2969 admittere
1866 2939 1913 2968 in-

1407 2980 1499 3018 digna
1517 2990 1626 3019 genere
1642 2984 1754 3008 nostro.
1780 2976 1912 3016 Adelph.

1408 3019 1452 3048 iii.
1473 3018 1501 3057 3,
1522 3019 1569 3049 55.
1613 3017 1744 3055 Quando
1764 3026 1828 3047 seso
1846 3025 1912 3047 esse

1692 635 1837 672 isti-inum
1943 633 1948 637 ’
1999 632 2005 638 “
