2020 3412
260 251 346 294 416

920 254 1217 298 PHORMIO.

371 367 471 411 Neu
503 383 573 411 me
607 368 813 426 cupidum
847 385 895 412 eo
930 369 1184 425 impulisset,
1221 369 1336 426 quod
1368 368 1479 412 mihi
1512 369 1775 428 principium
1808 378 1873 417 est

431 434 548 477 mali.

370 500 472 543 Non
491 500 652 557 potitus
673 516 830 543 essem:
863 500 1013 542 fuisset
1032 505 1128 542 tum
1146 500 1243 543 illos
1263 500 1373 543 mihi
1393 517 1521 558 aegre
1541 502 1705 560 aliquot
1724 503 1839 547 dies:

369 565 432 608 At
452 582 540 609 non
560 567 809 623 quotidiana
829 581 930 608 cura
949 566 1054 608 haec
1075 570 1253 623 angeret
1273 567 1478 609 animum.
1538 567 1621 610 Ph.
1652 567 1809 633 Audio.

369 632 456 675 An.
489 633 607 674 Dum
636 637 834 689 exspecto
864 647 995 689 quam
1020 647 1122 675 mox
1149 632 1297 675 veniat
1327 633 1404 690 qui
1430 634 1592 677 adimat
1621 634 1733 678 hanc
1752 635 1870 680 1111111

427 699 790 740 consuetudinem.

368 764 450 806 Ph.
482 764 595 806 Aliis
630 764 731 821 quia
766 764 870 806 defit
909 765 1024 822 quod
1061 769 1208 807 amant
1245 780 1373 822 aegre
1411 770 1499 808 est:
1545 765 1627 808 tibi
1657 766 1758 824 quia
1797 783 1866 811 su-

425 835 566 886 perest
585 830 712 872 dolet.

367 894 527 938 Amore
549 897 753 948 abundas,
775 895 984 953 Antipho.

1825 846 1869 877 10

366 961 482 1004 Nam
501 966 576 1004 tua
595 962 770 1019 quidem
789 963 932 1004 hercle
953 967 1068 1005 certo
1089 963 1180 1006 vita
1203 963 1309 1006 haec
1329 965 1569 1020 expetenda
1595 966 1866 1024 optandaque

425 1032 501 1068 est.

366 1091 438 1133 Ita
458 1107 527 1134 me
547 1092 607 1134 Di
625 1094 734 1135 bene
755 1098 900 1136 ament
920 1099 970 1136 ut
988 1093 1098 1136 1111111
1117 1094 1245 1137 liceat
1266 1099 1356 1155 tarn
1375 1095 1451 1138 diu
1470 1096 1584 1153 quod
1604 1111 1701 1139 amo
1721 1096 1833 1150 firui3

365 1156 395 1198 J
397 1172 467 1199 am
487 1158 696 1214 depecisci
715 1164 852 1201 morte
872 1160 996 1216 cupio
1012 1176 1020 1202 ε
1053 1164 1101 1201 tu
1122 1160 1321 1217 conjicito
1342 1166 1531 1213 caetera;

366 1221 483 1269 Quid
518 1239 598 1280 ego
634 1239 690 1266 ex
724 1225 805 1267 hac
841 1225 986 1281 inopia
1021 1241 1136 1268 nunc
1172 1225 1351 1282 capiam,
1388 1231 1432 1270 et
1466 1227 1572 1284 quid
1605 1232 1655 1269 tu
1687 1243 1743 1270 ex
1781 1229 1863 1273 hac

422 1289 544 1345 copia
557 1305 567 1341 ;

1819 1306 1862 1338 15

364 1353 428 1396 Ut
448 1370 503 1396 ne
524 1355 679 1397 addam
698 1355 812 1412 quod
831 1356 922 1398 01110
943 1362 1087 1399 sumtu
1106 1357 1341 1414 ingenuam
1365 1358 1588 1400 liberalem
1605 1363 1757 1402 nactus
1777 1375 1846 1413 00;

367 1420 492 1468 Quod
510 1422 653 1474 habes,
674 1423 736 1465 ita
755 1427 805 1465 ut
824 1423 1011 1475 voluisti,
1033 1439 1211 1466 uxorem
1231 1424 1322 1466 sine
1342 1425 1455 1466 mala
1475 1425 1591 1467 fama
1609 1425 1778 1481 palam3

362 1486 524 1530 Beatus
543 1489 591 1530 111
610 1504 744 1530 unum
764 1489 845 1531 hoc
866 1489 987 1540 desit,
1011 1490 1178 1532 animus
1198 1490 1273 1547 qui
1292 1491 1480 1532 modeste
1500 1490 1631 1533 istaec
1650 1491 1773 1534 ferat.

363 1552 422 1594 Et
442 1553 479 1595 si
498 1554 579 1596 tibi
599 1570 667 1597 res
687 1554 742 1597 sit
763 1570 861 1596 cum
881 1569 929 1596 eo
949 1555 1101 1597 lenone
1121 1571 1305 1611 quocum
1324 1556 1434 1598 mihi
1454 1561 1529 1607 est,
1551 1561 1647 1598 tum
1666 1557 1836 1600 sentias.

363 1618 434 1661 Ita
453 1619 647 1676 plerique
667 1620 842 1676 ingenio
863 1636 1008 1662 sumus
1028 1636 1197 1663 omnes:
1220 1622 1357 1663 nostri
1377 1626 1542 1664 nosmet
1561 1623 1764 1678 poenitet.
1812 1635 1858 1667 20

363 1684 449 1726 An.
482 1684 545 1727 At
565 1690 614 1727 tu
633 1686 742 1727 mihi
763 1690 911 1728 contra
930 1701 1046 1728 nunc
1065 1686 1210 1728 videre
1231 1687 1484 1738 fortunatus,
1507 1687 1734 1739 Phaedria,

362 1750 444 1792 Cui
469 1751 521 1792 de
541 1751 712 1808 integro
733 1756 796 1793 est
815 1756 1002 1807 potestas
1023 1752 1154 1794 etiam
1173 1752 1421 1794 consulendi
1441 1753 1546 1809 quid
1564 1753 1696 1805 velis3

359 1816 576 1868 Retinere,
599 1833 753 1869 amare,
776 1818 984 1860 amittere.

243 1932 375 1964 fuissem
391 1932 592 1973 incogitans‚’
617 1937 625 1952 ‘
637 1934 697 1965 but
710 1934 739 1965 if
752 1935 768 1965 1
784 1935 848 1965 had
865 1938 922 1966 not
944 1935 1027 1966 been

243 1976 498 2007 inconsiderate!
553 1977 615 2008 For
639 1981 646 1995 ‘
659 1978 745 2018 quod
771 1980 895 2009 utinam
905 1978 912 1992 ’
940 1989 1027 2009 com-

243 2029 320 2059 pare
333 2019 454 2055 Cicero,
466 2020 517 2051 Ad
528 2021 616 2051 Fam.
627 2021 690 2052 xiv.
706 2023 726 2052 4
739 2033 745 2051 :
765 2023 785 2038 ‘⁴
798 2022 893 2055 Quod
904 2022 1027 2052 utinam

244 2063 350 2093 minus
374 2063 458 2094 vitae
484 2064 591 2104 cupidi
614 2064 803 2095 fuissemus!
839 2068 925 2095 certe
947 2065 1027 2095 nihil

243 2105 277 2135 in
289 2106 354 2136 vita
369 2106 443 2136 mali
455 2106 676 2138 vidissemus.’'
723 2108 852 2144 Sallust,
865 2108 886 2139 J
889 2108 1027 2148 ugurtha

248 2150 286 2180 14
300 2161 307 2179 :
342 2151 362 2166 ‘⁴
375 2149 470 2183 Quod
508 2150 632 2180 utinam
668 2151 770 2187 illum,
801 2151 892 2190 cujus
925 2151 1025 2191 impio

243 2191 385 2222 facinore
422 2192 455 2222 in
495 2193 551 2223 has
578 2193 720 2223 miserias
749 2194 910 2233 projectus
941 2204 1023 2231 sum,

243 2234 354 2264 eadem
370 2234 447 2265 haec
463 2235 664 2267 simulantem
677 2236 836 2267 videam.'’
894 2237 955 2267 For
971 2237 1026 2267 the

245 2287 336 2308 sense
350 2277 387 2308 of
398 2278 454 2308 the
469 2278 629 2319 following
643 2279 724 2310 lines
740 2289 889 2320 compare
904 2279 1026 2310 Andria.

243 2320 276 2351 ii.
294 2322 325 2352 6.
342 2322 373 2358 9,
395 2322 451 2352 10:

255 2381 276 2398 “
289 2380 380 2430 Nihil
401 2380 525 2430 hercle:
549 2383 616 2418 aut,
633 2381 659 2411 si
681 2381 770 2419 adeo,
801 2381 889 2413 bidui
904 2385 953 2413 est
967 2385 1023 2413 aut

289 2423 607 2541 Ηέἑέζέᾏῌίοὶῐιιάος
646 2468 754 2500 nosti:
788 2468 902 2500 deinde
939 2469 1021 2500 desi-

329 2520 371 2541 ne
388 2533 396 2541 .

287 2579 319 2610 8.
342 2578 470 2619 Audio]
519 2578 673 2609 Phaedria
688 2589 759 2619 says
775 2579 839 2610 this
854 2580 1019 2621 ironically

244 2620 313 2663 (see
341 2624 419 2652 note
442 2631 484 2652 on
509 2621 631 2653 Andria
655 2622 699 2652 iii.
727 2623 758 2653 3.
784 2623 862 2664 20);
895 2624 955 2654 and
984 2634 1019 2654 so

243 2665 387 2705 Antipho
410 2675 485 2704 goes
500 2675 543 2695 on
558 2668 593 2696 to
607 2665 735 2705 explain
750 2666 835 2696 what
855 2667 881 2696 it
900 2666 927 2697 is
949 2667 1020 2697 that

245 2708 354 2739 makes
369 2708 436 2739 him
453 2718 488 2739 so
503 2708 672 2739 wretched.

290 2753 339 2782 l2.
365 2753 452 2782 Nam
469 2755 526 2782 tua
542 2752 670 2792 quidem
685 2752 792 2783 hercle
808 2752 913 2792 certo]
964 2752 1023 2783 See

245 2794 368 2825 Andria
382 2795 413 2824 ii.
431 2797 458 2825 2.
478 2796 526 2826 lo.

288 2838 338 2868 14.
361 2838 438 2869 Jam
476 2838 634 2878 depecisci
671 2840 775 2869 morte
811 2838 921 2878 cupio]
980 2842 988 2856 ⁴
1003 2839 1018 2869 I

242 2880 347 2910 would
374 2881 481 2921 gladly
500 2882 565 2911 this
585 2891 661 2922 very
686 2884 830 2911 moment
855 2881 940 2912 close
963 2882 1019 2912 the

243 2923 374 2962 bargain
389 2924 465 2955 with
482 2935 535 2964 my
550 2924 669 2956 death!
715 2924 731 2955 1
746 2924 851 2955 would
866 2925 1018 2965 willingly

242 2966 397 3006 purchase
411 2967 467 2997 the
487 2968 632 3008 pleasure
646 2968 716 2999 that
729 2977 793 3008 you
813 2968 893 2998 have
908 2968 970 2998 had
985 2972 1018 2998 at

242 3009 297 3040 the
319 3009 405 3050 price
427 3010 464 3041 of
479 3021 534 3051 my
548 3011 612 3042 life.
659 3011 815 3051 Compare
831 3010 950 3049 Cicero,
967 3011 1018 3042 Ad

1045 1819 1141 1874 Ego
1160 1819 1208 1860 111
1228 1834 1327 1861 011111
1346 1819 1480 1861 incidi
1499 1819 1653 1862 infelix
1671 1820 1814 1865 locum

1072 1936 1215 1967 Atticum
1232 1936 1276 1967 ix.
1294 1937 1324 1973 7.
1341 1937 1382 1967 3:
1408 1937 1551 1971 “Quum
1574 1938 1659 1969 enim
1682 1941 1732 1970 tot
1755 1937 1854 1980 (peri-

1072 1979 1158 2020 cula)
1189 1980 1406 2020 impendeant,
1436 1991 1493 2011 cur
1525 1991 1591 2012 non
1626 1981 1852 2014 honestissimo

1073 2023 1227 2063 depecisci
1244 2023 1337 2054 velim
1349 2023 1386 2054 ?'’
1414 2026 1422 2040 ‘
1433 2024 1521 2065 Why
1536 2025 1652 2055 should
1668 2025 1684 2056 1
1700 2028 1758 2056 not
1773 2025 1852 2056 wish

1071 2069 1105 2096 to
1137 2066 1230 2096 make
1255 2067 1310 2096 the
1334 2069 1420 2097 most
1449 2067 1646 2098 honourable
1675 2067 1806 2109 bargain
1834 2068 1851 2100 I

1071 2119 1129 2139 0011
1141 2108 1169 2139 ?'
1213 2109 1326 2149 Virgil,
1343 2110 1477 2141 Aeneid.
1494 2120 1524 2141 v.
1541 2112 1605 2142 230
1620 2122 1628 2140 :

1112 2187 1133 2202 ‘¹
1145 2184 1318 2225 Vitamque
1332 2185 1444 2217 volunt
1457 2196 1516 2227 pro
1531 2186 1625 2217 laude
1640 2188 1759 2227 pacisci
1769 2187 1801 2226 ;’'

1069 2260 1133 2291 and
1146 2260 1200 2291 xii.
1219 2262 1278 2293 49:

1081 2333 1102 2348 “
1116 2331 1221 2366 Quam
1237 2342 1295 2372 pro
1318 2343 1370 2363 me
1386 2343 1494 2364 curam
1514 2334 1608 2375 geris,
1628 2334 1712 2367 hanc
1725 2345 1848 2377 precor,

1156 2375 1288 2416 optime,
1304 2387 1362 2416 pro
1378 2387 1430 2408 me

1111 2418 1272 2468 Deponas,
1286 2419 1476 2476 ”letumque
1522 2421 1606 2452 sinas
1653 2431 1712 2463 pro
1754 2421 1849 2454 laude

1153 2471 1280 2502 paciscl.

1110 2538 1142 2569 It
1168 2542 1301 2570 matters
1316 2543 1374 2571 not
1390 2540 1533 2571 whether
1546 2541 1602 2572 the
1617 2541 1794 2573 accusative
1809 2551 1848 2574 or

1063 2582 1119 2612 the
1147 2582 1283 2613 ablative
1310 2583 1337 2613 is
1362 2583 1448 2614 used.
1494 2584 1563 2615 The
1578 2585 1727 2625 meaning
1748 2585 1775 2616 is
1789 2585 1847 2616 the

1063 2635 1161 2655 001110.
1207 2625 1365 2667 Compare
1395 2627 1450 2657 the
1478 2638 1536 2658 use
1565 2627 1602 2658 of
1628 2627 1758 2659 ‘muto'
1781 2628 1846 2660 and

1065 2669 1142 2698 such
1159 2669 1270 2699 words.

1109 2713 1161 2742 20.
1187 2713 1304 2743 Nostri
1334 2715 1456 2743 nosmet
1479 2713 1644 2753 poenitet]
1693 2714 1791 2744 ‘This
1816 2714 1844 2745 is

1067 2754 1122 2785 the
1152 2759 1265 2786 nature
1302 2755 1338 2786 of
1370 2765 1408 2785 us
1438 2756 1490 2786 all.
1536 2756 1598 2786 We
1632 2766 1686 2787 are
1717 2757 1843 2787 disoen-

1067 2798 1176 2828 tented
1193 2799 1268 2828 with
1293 2808 1352 2828 our
1377 2808 1448 2828 own
1471 2798 1575 2829 state!
1622 2799 1682 2829 See
1703 2803 1780 2830 note
1799 2810 1844 2831 on

1065 2840 1241 2871 Eunuchus
1263 2852 1292 2872 v.
1309 2843 1339 2872 6.
1361 2842 1409 2872 12.
1457 2845 1464 2858 ¹
1478 2841 1609 2872 Nostri'
1631 2842 1658 2872 is
1678 2842 1733 2873 the
1752 2843 1842 2883 geni-

1064 2884 1129 2913 tive
1144 2888 1266 2920 neuter,
1282 2884 1346 2914 like
1363 2888 1370 2900 ·
1383 2884 1455 2920 0111,’
1474 2887 1482 2901 ‘
1493 2884 1578 2922 mei‚'
1596 2888 1604 2902 ⁴
1618 2885 1736 2916 vestri!
1780 2886 1843 2917 For

1064 2927 1122 2956 ‘de
1143 2926 1281 2966 integi-0⁹
1298 2937 1349 2957 see
1369 2937 1398 2957 v.
1422 2929 1474 2957 22.
1531 2927 1688 2968 Compare
1712 2928 1768 2960 the
1787 2938 1842 2959 ex·

1062 2970 1204 3009 111-0001011
1236 2970 1287 2999 ‘in
1325 2970 1484 3010 integrum
1512 2971 1635 3002 redire'
1669 2972 1784 3006 Heaut.
1807 2981 1839 3003 v.

1062 3013 1094 3043 3.
1108 3013 1139 3049 8,
1155 3012 1217 3043 and
1233 3015 1307 3043 note
1323 3023 1364 3043 on
1385 3013 1500 3044 Heaut.
1519 3014 1643 3055 Prolog.
1660 3016 1691 3046 4.
