2020 3412
284 251 368 295 &0

273 365 416 403 fortuna,
461 363 489 394 Ο
533 363 606 403 fimi
648 363 789 402 fhrtuna.

996 249 1194 295 INDEX

842 363 984 400 Quonam
1007 364 1040 392 in
1062 362 1130 392 loeo
1153 367 1224 392 sunt
1247 372 1295 392 res
1315 366 1346 392 et

286 402 525 440 Phorm.v.6,l.
556 403 632 432 Hec.
643 403 688 433 iii.
701 403 729 438 3,
741 403 789 433 26.
831 404 979 441 fortunae
1006 403 1115 431 meae?
1149 401 1274 431 Phorm.
1298 402 1343 431 iii.

315 442 442 481 forsan]
468 442 594 480 Aliquis
605 441 720 480 forsan
740 451 791 470 me

284 485 373 520 putet
389 491 450 510 nou
469 486 574 519 putare
594 480 651 509 hoc
673 490 789 510 verum.

288 520 371 549 And.
389 530 415 549 ν.
431 520 461 555 5,
478 519 503 550 1.

315 558 465 596 forsitan]
498 558 642 587 Forsitan
669 567 791 596 parvam

284 596 335 626 hic
354 597 462 626 habeat
477 597 554 625 mihi
576 597 678 625 fidem.
702 596 781 624 Eun.

285 636 306 665 i.
334 635 364 670 2,
394 635 459 666 117.
515 636 549 664 Si
577 634 672 663 altera
704 634 793 663 illaec

285 675 382 712 magis
415 675 549 709 instabit,
569 674 705 711 forsitan
738 682 792 701 nos

285 713 399 742 reiciat.
422 712 547 741 Phorm.
564 713 603 740 iv.
619 711 648 748 5,
663 711 691 740 5.

321 750 470 789 fortasse]
519 751 607 779 Bona
649 749 793 794 fortasse.

288 790 371 819 And.
395 791 415 819 i.
443 788 470 824 1,
495 789 542 818 92.
586 789 790 818 Detineo‘te:

276 829 413 867 fortasse
457 833 491 856 tu
536 828 685 865 profectus
732 826 793 856 alio

286 867 395 896 fueras.
430 866 510 895 Eun.
529 866 558 894 ii.
575 866 604 902 2,
619 866 667 894 49.
718 866 794 895 For—

286 908 362 934 tasse
413 905 606 943 aliquantum
659 905 795 943 iniquior

286 949 360 973 erat.
392 944 507 973 Heaut.
531 945 550 972 i.
574 943 603 979 2,
625 943 672 977 27.
715 943 794 972 For-

286 986 362 1011 tasse
371 983 551 1012 excludetur
561 982 646 1011 foras.
661 981 792 1020 Adelph.

288 1021 307 1051 i.
323 1021 414 1057 2,39.
457 1021 598 1050 Fortasse
618 1031 718 1050 unum
738 1020 795 1049 ali-

289 1061 371 1098 quod
392 1061 521 1089 verbum
543 1060 623 1088 inter
647 1070 695 1089 eas
718 1061 792 1088 iram

287 1099 366 1128 hanc
388 1100 561 1128 concivisse.
593 1098 669 1127 Hec.
696 1099 739 1127 iii.
767 1098 794 1135 l,

288 1137 335 1167 33.
386 1138 507 1167 Audisti
535 1147 573 1166 ex
601 1137 705 1191 aliano
722 1137 793 1176 for-

289 1180 374 1206 tasse.
405 1177 483 1206 Hec.
512 1177 552 1205 iv,
579 1175 605 1212 1,
629 1176 676 1205 30.
725 1176 795 1205 Non

288 1215 424 1244 multum
445 1215 537 1244 habet
557 1215 639 1253 quod
659 1216 709 1244 det
719 1215 793 1254 for-

289 1257 371 1283 tasse.
394 1254 520 1283 Phorm.
538 1254 557 1283 i.
574 1253 602 1289 2,
618 1253 665 1283 96.

317 1292 420 1332 sorte]
456 1293 558 1328 Forte,
592 1293 635 1322 ita
678 1296 714 1321 ut
747 1292 793 1329 fit,

288 1331 390 1361 filium
411 1332 589 1370 perduxere.
622 1331 703 1360 And.
722 1331 742 1360 i.
768 1330 794 1366 1,

288 1370 334 1399 53.
383 1370 416 1400 Si
441 1370 528 1408 sorte
559 1370 618 1399 huc
647 1369 796 1399 Chremes

287 1409 456 1438 advenerit.
499 1409 580 1438 Eun.
616 1408 659 1438 iii.
687 1408 717 1445 2,
745 1408 794 1437 48.

290 1447 416 1477 Alterae
460 1448 533 1476 dum
577 1451 680 1476 narrat
710 1446 795 1485 forte

288 1487 403 1516 audivi.
430 1486 543 1515 Heaut.
568 1486 598 1515 ii.
625 1485 654 1521 3,
671 1485 717 1515 31.
761 1486 794 1515 Si

278 1525 366 1564 sorte
412 1525 504 1554 frater
549 1525 675 1553 redierit
719 1525 793 1554 viso.

292 1563 425 1602 Adelph.
451 1564 491 1593 iv.
514 1563 543 1598 2,
570 1562 615 1592 10.
658 1563 692 1593 Si
710 1563 796 1601 forte

290 1603 416 1632 morbus
443 1601 573 1640 amplior
606 1602 702 1631 factus
729 1603 796 1632 siet.

291 1642 369 1671 Hec.
387 1642 429 1670 iii.
448 1640 474 1677 1,
496 1640 543 1670 50.
587 1640 688 1676 Quam
711 1651 796 1679 saepe

278 1680 366 1719 jbrte
399 1684 513 1709 temere
542 1680 689 1709 eveniunt
718 1689 795 1717 quae

289 1729 351 1748 non
366 1719 477 1748 audeas
491 1722 601 1756 optare.
625 1718 751 1748 Phorm.
767 1728 793 1747 v.

311 1781 428 1835 'sortis1
465 1796 509 1825 Ut
543 1796 646 1824 virum
680 1795 796 1834 fortem

290 1836 384 1864 decet.
417 1834 498 1864 And.
514 1835 547 1863 ii.
564 1835 592 1870 6,
610 1834 655 1863 14.
706 1833 796 1863 Nihil

311 1874 374 1903 rius
392 1883 492 1911 neque
509 1873 635 1911 fortius.
672 1872 752 1902 Eun.
775 1873 794 1902 i.

290 1883 320 1948 ἲ,
330 1912 359 1942 5.
402 1912 451 1941 Ita
470 1916 505 1941 ut
519 1911 619 1950 fortes
633 1912 718 1941 decet
737 1912 795 1940 mi-

290 1950 370 1980 lites.
404 1950 485 1980 Eun.
500 1951 541 1979 iv.
557 1950 586 1987 7,
600 1951 648 1979 44.
693 1949 797 1979 Fortes

290 1990 412 2018 fortuna
445 1989 577 2028 adjuvat.
621 1988 745 2018 Phorm.
775 1989 794 2017 i.

290 2029 320 2064 4,
348 2028 396 2057 26.
445 2028 472 2057 Ο
502 2029 551 2056 vir
577 2028 673 2065 fortis
704 2033 796 2066 atque

290 2067 415 2096 amicus.
440 2066 563 2095 Phorm.
581 2067 612 2096 ii.
627 2066 657 2103 2,
671 2066 715 2095 10.

320 2105 459 2143 sortiter]
479 2105 616 2134 Fortiter
638 2127 644 2134 .
669 2127 676 2134 .
699 2126 707 2134 .
729 2104 796 2141 hui,

290 2143 479 2182 perfortiter!
502 2142 633 2181 Adelph.
650 2143 690 2172 iv.
703 2142 732 2178 2,
747 2142 795 2174 27.

320 2180 490 2220 fortitudo]
515 2181 629 2210 Vereor
649 2191 687 2210 ne
706 2182 797 2210 istaec

278 2219 434 2258 ‘fortitudo
454 2220 486 2248 in
507 2229 637 2248 nervum
659 2223 798 2257 erumpat

292 2259 432 2296 denique.
456 2257 579 2286 Phorm.
596 2258 628 2287 ii.
644 2257 672 2293 2,
690 2256 735 2286 ll.

321 2297 470 2335 fortuna]
503 2295 616 2325 Omnia
635 2296 723 2324 -bona
749 2296 796 2324 di-

291 2345 369 2371 cere,
412 2340 443 2364 et
489 2334 613 2363 laudare
649 2334 798 2372 fortunas

291 2384 383 2403 meas.
407 2373 488 2402 And.
505 2374 523 2402 i.
542 2372 568 2409 1,
584 2372 630 2403 70.
680 2372 796 2402 Servon

281 2412 428 2451 fortunas
442 2422 523 2440 meas
543 2421 593 2441 me
610 2411 796 2440 commisisse

294 2450 388 2480 futili.
427 2451 507 2479 And.
529 2450 573 2479 iii.
603 2449 638 2486 5,.
660 2449 686 2479 3.
744 2449 795 2478 An

281 2488 445 2529 fortunam
458 2488 626 2518 collaudem
647 2497 722 2527 quae
742 2498 796 2526 gu-

292 2529 446 2557 bernatrix
473 2528 555 2556 fuit?
600 2527 681 2556 Eun.
708 2534 737 2555 v.
767 2526 795 2562 8,

295 2566 339 2596 16.
395 2567 448 2596 Me
477 2570 597 2595 tuarum
624 2565 795 2594 miseritum

292 2611 337 2673 {st
346 2603 690 2679 foffiuqarumfbHeauii
707 2604 751 2671 ilii.
770 2602 796 2640 1,

313 2654 340 2673 o.
425 2654 476 2673 uia
511 2653 551 2672 sci
575 2653 624 2672 am
693 2653 711 2671 u
735 2652 796 2671 lam

282 2682 446 2721 fortunam
505 2692 568 2711 esse
638 2681 794 2711 scenicam.

294 2721 371 2750 Hec.
399 2720 462 2749 Alt.
493 2720 575 2749 Prol.
605 2720 632 2749 8.
686 2720 713 2749 O
724 2720 795 2757 for-

293 2762 376 2795 tuna,
392 2764 428 2788 ut
441 2769 598 2797 nunquam
613 2762 756 2796 perpetuo
766 2767 798 2787 es

293 2798 390 2827 bona!
419 2797 495 2826 Hec.
524 2798 567 2826 iii.
595 2794 632 2833 3,'
651 2797 697 2826 46.
749 2796 797 2825 Ne

293 2836 387 2866 simili
410 2842 533 2865 utamur
546 2836 686 2875 fhrtuna,
708 2839 798 2873 atque

293 2877 339 2903 usi
354 2884 468 2904 sumus.
509 2874 633 2904 Phorm.
651 2873 733 2907 P,rol.
750 2872 796 2903 31.

294 2913 385 2948 Quod
400 2914 425 2942 si
439 2923 475 2942 eo
496 2923 581 2942 meae
593 2913 739 2952 fortunae
753 2922 799 2941 re-

293 2952 397 2981 deunt.
454 2952 560 2981 Fortes
584 2951 717 2990 fortuna
747 2951 799 2980 ad-

290 2989 389 3027 juvat.
421 2989 550 3021 Phorm.
579 2992 597 3020 i.
624 2990 653 3028 4,
675 2989 724 3027 23,
750 2988 798 3020 25.

844 440 870 476 l,
898 441 924 469 9.
974 441 1104 469 Tantam
1122 440 1286 477 fortunam
1309 441 1347 469 de

841 479 1004 546 ⁵1¹³¹ipmVi⁵⁰
1028 488 1110 546 68⁸4}
1152 478 1199 508 his
1233 479 1344 508 datam.

921 528 926 534 ·
962 539 968 546 .
985 527 1011 546 v.
1112 540 1118 546 .

871 528 1064 594 Jgitlrlmatus']
1112 555 1207 585 Fores
1250 556 1347 594 aperis

831 593 1020 632 fortunatus.
1064 594 1144 623 Eun.
1172 594 1203 623 ii.
1242 594 1271 630 2,
1298 594 1345 624 53.

842 632 1015 670 Fortunati,
1040 633 1167 662 nobiles.
1214 632 1345 672 Adelph.

843 671 886 700 iii.
902 672 931 708 4,
946 671 993 703 57.
1042 672 1120 707 Quis
1143 681 1194 700 me
1216 677 1262 701 est
1275 673 1347 710 for-

843 710 999 739 tunatior?
1030 710 1107 739 Hec.
1122 720 1150 740 v.
1166 711 1195 746 4,
1211 710 1239 740 8.
1290 711 1348 740 Ec-

845 749 914 816 qucis
940 749 1099 816 meEvivit
1130 749 1222 817 hgdip
1244 747 1348 824 figm-

843 797 884 816 na
897 797 960 817 wr.
1025 797 1077 817 un.
1099 798 1126 817 v.
1169 811 1176 823 ,
1222 810 1228 816 .
1302 798 1348 817 uis

845 831 875 854 te
890 831 934 855 est
944 826 1163 865 fortunatior?
1185 826 1298 856 Heaut.
1314 827 1346 856 ii.

845 864 874 900 3,
889 864 935 894 55.
968 865 1104 903 Aedepol
1119 869 1159 901 te,
1174 875 1243 894 mea
1257 866 1348 895 Anti-

844 903 938 941 phila,
972 903 1064 933 laudo
1101 908 1132 933 et
1155 904 1349 942 fortunatam

842 942 957 980 judico.
993 942 1108 972 Heaut.
1125 943 1155 972 ii.
1171 944 1200 978 4,
1217 942 1242 973 1.
1284 943 1350 973 Nae

846 990 899 1018 ego
930 980 1109 1019 fortunatus
1146 982 1237 1011 homo
1271 992 1347 1011 sum.

847 1019 959 1050 Heaut.
995 1021 1033 1049 iv.
1069 1020 1098 1057 6,
1134 1020 1181 1049 21.
1246 1020 1349 1050 Multo

846 1059 985 1088 omnium
1003 1069 1085 1088 nunc
1105 1069 1156 1088 me
1166 1059 1349 1098 fortunatis-

845 1098 954 1126 simum
996 1098 1110 1127 factum
1156 1103 1231 1136 puto
1275 1109 1347 1128 esse.

848 1135 960 1166 Heaut.
987 1137 1027 1166 iv.
1052 1137 1081 1174 8,
1106 1136 1131 1166 l.
1174 1137 1264 1173 Quod
1277 1137 1348 1175 sor—

846 1177 981 1204 tanatum
1006 1176 1058 1204 isti
1080 1181 1197 1214 putant,
1222 1185 1347 1205 uxorem

846 1223 1005 1281 xllupguam
1026 1214 1126 1244 habui.
1170 1214 1304 1253 Adelph.
1329 1216 1348 1245 i.

867 1276 998 1328 'forum1
1033 1291 1098 1330 Ego
1130 1291 1202 1320 hinc
1229 1301 1279 1320 me
1313 1292 1350 1321 ad

838 1328 955 1368 forum.
984 1330 1067 1359 And.
1090 1330 1109 1359 i.
1132 1331 1160 1366 3,
1175 1330 1222 1359 21.
1267 1331 1350 1366 Quid

847 1369 952 1398 turbae
966 1374 1011 1398 est
1024 1369 1103 1407 apud
1112 1368 1244 1408 forum?
1267 1370 1349 1398 And.

847 1407 886 1435 iv.
912 1408 940 1443 4,
966 1407 1004 1444 63
1033 1408 1063 1437 ii.
1094 1406 1121 1443 l,
1149 1407 1177 1437 2.
1221 1408 1351 1438 Amicus

846 1446 970 1483 quidam
997 1456 1047 1475 me
1079 1456 1097 1475 a
1119 1446 1195 1484 foro
1221 1447 1352 1476 abduxit

847 1484 946 1514 modo.
990 1484 1121 1523 Adelph.
1166 1485 1205 1514 iv.
1241 1484 1270 1521 5,
1303 1484 1349 1515 11.

849 1522 904 1552 Est
938 1524 1018 1562 quod
1062 1533 1113 1552 me
1153 1524 1280 1553 transire
1314 1525 1350 1553 ad

837 1561 947 1599 sorum
964 1563 1029 1599 jam
1049 1567 1192 1600 oporteat.
1223 1562 1301 1591 Hec.
1318 1563 1350 1592 ii.

847 1599 875 1636 2,
884 1600 1056 1667 {31.29Seisti
1066 1603 1113 1630 uti
1117 1602 1202 1639 foro.
1225 1600 1349 1630 Phorm.

848 1649 867 1668 1.
905 1662 912 1674 ,
967 1662 974 1669 .

876 1678 1008 1716 franyo]
1048 1678 1166 1707 Navem
1202 1678 1227 1707 is
1253 1678 1352 1716 freyit

848 1717 928 1784 apugd
944 1717 1084 1787 †?drli÷rl
1101 1716 1242 1794 ipsffflgsstn'
1267 1717 1352 1784 And(i

848 1765 865 1784 ι.
915 1778 922 1789 ,
988 1778 994 1785 .
1071 1766 1120 1784 av1
1162 1765 1179 1783 r
1226 1766 1246 1784 a
1272 1765 1330 1794 apu

849 1794 990 1861 An2d0rum
1005 1795 1119 1833 ejectus
1133 1800 1186 1824 est.
1229 1795 1312 1824 And.
1322 1804 1349 1824 V.

847 1833 877 1869 4,
932 1856 937 1862 .

876 1870 995 1909 frater]
1029 1871 1062 1901 Si
1091 1875 1122 1900 te
1149 1871 1183 1900 in
1216 1872 1351 1909 germani

839 1909 955 1948 fiutris
970 1910 1064 1939 dilexi
1079 1909 1156 1939 loco.
1189 1911 1272 1940 And.
1287 1911 1306 1940 i.
1322 1910 1351 1946 5,

848 1947 895 1979 57.
937 1949 1081 1978 Fratrem
1094 1948 1213 1977 homini
1234 1949 1353 1978 nemini

848 1997 912 2016 esse
932 1988 1097 2025 primarum
1121 1988 1232 2016 artium
1257 1988 1353 2025 magis

869 2026 1024 2065 rinc-ipem.
1059 2025 1190 2064 Adelph.
1217 2027 1248 2055 ii.
1270 2025 1298 2062 3,
1324 2026 1349 2055 6.

873 2065 883 2093 i
900 2065 1009 2102 frater
1034 2069 1087 2094 aut
1121 2064 1232 2094 sodalis
1265 2070 1352 2100 esset,

850 2103 901 2141 qui
935 2104 1030 2141 magis
1061 2113 1179 2132 morem
1230 2105 1353 2133 ereretP

850 2141 980 2180 Adelph.
1006 2143 1046 2171 iv.
1070 2142 1099 2176 5,
1120 2142 1167 2176 74.
1240 2145 1353 2170 ratrem

850 2180 998 2246 upilajorem
1019 2180 1185 2248 (ἐὴιΙ-Ξιῃέὄω
1206 2181 1352 2209 nostine?

900 2228 975 2247 orm.
991 2228 1009 2247 1.
1048 2241 1055 2252 ,
1110 2241 1118 2253 ,
1162 2228 1186 2247 e.

876 2255 991 2295 fraus]
1030 2256 1164 2285 Eductos
1191 2255 1286 2285 libere
1320 2256 1351 2285 in

839 2294 988 2332 fraudem
1015 2294 1130 2323 illicis?
1159 2294 1240 2324 And.
1265 2305 1293 2324 v,
1322 2296 1352 2331 4,

850 2332 877 2362 8.
920 2333 957 2362 In
982 2333 1111 2362 eandem
1130 2332 1282 2371 fraudem
1297 2356 1303 2362 .
1320 2356 1326 2362 .
1343 2355 1350 2363 .

849 2372 972 2401 incides.
1022 2371 1135 2400 Heaut.
1164 2372 1208 2400 iii.
1247 2371 1274 2407 1,
1305 2371 1350 2401 33.

850 2410 958 2446 Gerro,
995 2410 1085 2446 iners.
1110 2409 1217 2448 fraus,
1249 2410 1351 2439 heluo.

850 2448 962 2478 Heaut.
977 2459 1004 2477 v.
1021 2449 1049 2484 4,
1068 2447 1112 2477 10.

877 2487 1035 2526 frequens]
1071 2487 1152 2516 Cum
1187 2486 1251 2516 illis
1283 2509 1290 2516 .
1313 2509 1320 2516 .

849 2526 1034 2593 ilingoaderat
1046 2525 1201 2564 frequens.
1233 2525 1316 2555 And.
1332 2528 1350 2556 i.

878 2601 994 2641 fretus]
1016 2602 1116 2669 Cussus
1139 2602 1268 2631 consilio
1282 2603 1353 2640 fre-

849 2644 895 2670 tus
936 2650 1012 2670 sum.
1087 2642 1137 2670 nd.
1174 2641 1204 2670 ii.
1245 2641 1272 2678 1,
1304 2641 1349 2671 36.

851 2679 934 2708 Hem
962 2689 1022 2717 quo
1039 2679 1142 2716 fretus
1169 2680 1236 2708 sim.
1267 2680 1350 2709 And.

850 2719 894 2747 iii.
933 2717 962 2752 5,
1005 2717 1049 2746 13.
1113 2717 1208 2746 Vobis
1240 2718 1350 2756 fretus.

851 2757 885 2786 P.
908 2756 979 2786 Scin
1004 2766 1095 2795 quam
1109 2756 1235 2794 fretus?
1270 2757 1350 2787 Eun.

851 2805 878 2824 v.
907 2794 936 2829 8,
964 2794 1011 2824 33.
1058 2794 1203 2823 Amicum
1230 2796 1352 2833 ingenio

841 2834 967 2872 fretum.
1001 2833 1112 2862 Heaut.
1130 2833 1210 2862 Prol.
1227 2833 1274 2862 24.
1318 2834 1351 2863 Si

851 2873 920 2911 quis
961 2872 1050 2906 forte,
1093 2870 1212 2901 malitia
1247 2871 1353 2910 fretus

851 2921 914 2946 sua,
928 2910 1051 2939 insidias
1064 2915 1182 2939 nostrae
1196 2911 1268 2940 fecit
1281 2911 1353 2940 ado-

851 2949 1019 2979 lescentiae.
1049 2948 1173 2978 Phorm.
1195 2949 1226 2978 ii.
1251 2949 1277 2985 l,
1302 2949 1349 2979 43.

852 2988 921 3017 Hoc
926 2987 1038 3026 fretus.
1061 2987 1187 3017 Phorm.
1204 2997 1230 3017 v,
1247 2987 1275 3024 7,
1289 2987 1336 3022 73.

1425 362 1541 402 frigeo]
1577 362 1730 393 Nimirum
1763 362 1902 394 homines

1387 402 1513 440 fiiyent.
1548 401 1629 431 Eun.
1645 403 1677 431 ii.
1692 402 1722 439 2,
1738 401 1784 434 37.
1836 402 1899 432 Ubi

1387 439 1495 478 shyet,
1512 441 1571 469 huc
1586 441 1691 470 evasit.
1714 439 1795 470 Eun.
1811 440 1855 470 iii.
1871 441 1901 478 3,

1399 477 1444 508 ll.
1495 478 1569 508 Sine
1594 479 1705 508 Cerere
1732 484 1763 509 et
1790 479 1902 510 Libero

1387 517 1485 556 friget
1510 517 1621 547 Venus.
1655 518 1735 548 Eun.
1758 519 1799 548 iv.
1822 517 1852 554 5,
1871 519 1899 548 6.

1399 556 1471 592 Abi,
1507 562 1616 595 tange:
1659 557 1684 586 si
1724 567 1786 586 non
1820 561 1902 587 totus

1387 594 1495 662 ςνιζὲει,
1520 605 1570 624 me
1592 595 1684 624 enies.
1726 595 1851 626 Phorm.
1871 605 1900 626 v-

1418 657 1426 670 '
1427 671 1535 710 frons]
1581 672 1721 711 Exporge
1732 668 1740 678 ”
1752 671 1901 712 frontem.

1400 710 1532 748 Adelph.
1548 720 1576 740 v.
1593 711 1622 746 3,
1636 710 1684 740 53.

1427 749 1564 788 fructus]
1618 749 1732 779 Metuit
1782 760 1900 789 semper
1956 765 1961 769 v

1399 797 1489 826 quem
1505 789 1568 826 ipsa
1581 798 1663 817 nunc
1676 789 1755 827 capit
1764 789 1906 827 frudum

1398 836 1438 893 pe
1453 827 1572 894 quarligo
1587 827 1682 872 iratus
1691 832 1736 894 ltu
1743 827 1817 895 6zlio
1831 837 1904 896 (Ικίιι-

1412 875 1484 894 eras.
1547 875 1598 895 un.
1624 875 1668 895 ιιι.
1784 889 1790 896 .
1868 877 1904 896 oc

1389 904 1492 940 fructi
1510 914 1563 942 pro
1587 904 1689 934 labore
1711 889 1750 934 'ab
1773 906 1812 934 iis
1829 906 1901 935 fero.

1401 942 1533 981 Adelph.
1562 953 1589 972 ν.
1618 943 1647 977 4,
1678 942 1722 973 16.
1776 944 1814 973 In
1840 943 1904 974 illis

1388 980 1513 1018 fructus
1528 987 1589 1011 est.
1621 982 1745 1012 Phorm.
1762 982 1794 1012 ii.
1809 983 1839 1019 2,
1856 982 1902 1013 18.

1399 1019 1544 1049 Fructum
1560 1031 1651 1059 quem
1672 1022 1804 1051 reddunt
1821 1031 1905 1059 prae-

1400 1059 1457 1088 dia.
1489 1059 1614 1089 Phorm.
1629 1060 1670 1089 iv.
1687 1059 1714 1096 3,
1729 1059 1775 1092 75.
1818 1061 1905 1097 Quae

1399 1102 1518 1127 nostros
1531 1099 1646 1127 minuit
1655 1098 1778 1135 fructus
1792 1099 1902 1130 vilitas.

1401 1135 1526 1166 Phorm.
1541 1147 1570 1166 v.
1586 1136 1615 1172 8,
1629 1136 1676 1166 24.

1429 1175 1533 1213 frugi]
1560 1175 1660 1214 Fruyi
1682 1185 1723 1205 es.
1755 1175 1834 1206 Eun.
1859 1177 1903 1207 iii.

1400 1213 1439 1249 53
1469 1214 1509 1243 iv,
1536 1213 1564 1250 7,
1588 1215 1638 1251 46,
1661 1214 1709 1243 60.
1758 1215 1906 1245 Hominis

1390 1252 1484 1290 fiuyi
1506 1257 1536 1282 et
1560 1254 1756 1291 temperantis
1781 1254 1906 1284 functus

1401 1301 1432 1319 es
1457 1291 1617 1321 officium?
1656 1291 1770 1322 Heaut.
1798 1292 1844 1322 iii.
1873 1293 1904 1330 3,

1404 1328 1448 1358 19.
1470 1329 1571 1369 Fruyi
1584 1330 1674 1359 homo
1688 1335 1742 1359 est.
1770 1330 1904 1370 Adelph.

1401 1378 1428 1398 v.
1443 1368 1471 1403 9,
1480 1367 1528 1398 25.
1565 1368 1653 1398 Dedo
1667 1369 1744 1407 patri
1759 1379 1808 1399 me
1822 1379 1906 1399 nunc

1399 1407 1474 1445 jam,
1496 1412 1531 1436 ut
1544 1407 1704 1447 fiuyalior
1724 1409 1793 1446 sim,
1812 1417 1906 1448 quam

1403 1446 1480 1475 vult.
1498 1446 1610 1475 Heaut.
1627 1447 1665 1476 iv.
1682 1447 1710 1482 3,
1726 1447 1752 1476 3.

1431 1485 1529 1523 fluor
1570 1485 1618 1514 Τιι
1629 1484 1692 1514 illis
1693 1485 1811 1522 fruare
1823 1495 1907 1516 com-

1402 1523 1510 1552 modis.
1563 1533 1614 1553 un.
1637 1524 1670 1553 ii.
1697 1523 1725 1559 3,
1748 1523 1795 1554 80.
1839 1525 1906 1555 Nee

1402 1563 1445 1591 fas
1472 1572 1535 1592 esse
1572 1562 1638 1591 ulla
1672 1572 1723 1592 me
1750 1563 1906 1602 voluptate

1402 1600 1451 1629 hic
1456 1601 1538 1639 frui.
1562 1601 1676 1631 Heaut.
1686 1602 1706 1630 i.
1721 1601 1748 1637 1,
1760 1601 1807 1634 97.
1838 1602 1906 1631 Ho-

1403 1639 1468 1668 cine
1489 1649 1540 1669 me
1560 1640 1706 1669 miserum
1727 1650 1788 1669 non
1813 1640 1907 1670 licere

1403 1688 1472 1707 meo
1502 1679 1593 1708 modo
1625 1679 1784 1717 ingenium
1807 1679 1907 1716 frui?

1404 1717 1516 1746 Heaut.
1553 1717 1586 1746 ii.
1620 1718 1649 1753 4,
1687 1717 1734 1747 21.
1784 1718 1907 1747 Fmare

1403 1756 1478 1784 dum
1493 1755 1573 1786 licet.
1610 1756 1723 1785 Heaut.
1747 1757 1778 1786 ii.
1793 1756 1823 1791 3,
1839 1755 1905 1787 105.

1405 1794 1526 1832 Agelli.
1543 1818 1550 1824 .
1567 1817 1574 1824 .
1590 1794 1714 1833 paulum
1730 1817 1736 1824 .
1753 1817 1761 1825 .
1777 1817 1785 1824 .
1801 1794 1906 1825 locitas

1402 1833 1500 1862 foras:
1526 1833 1596 1862 huic
1615 1834 1732 1867 demus,
1747 1834 1797 1873 qui
1894 1850 1907 1856 —

1402 1874 1460 1900 tur.
1475 1871 1604 1910 Adelph.
1617 1882 1644 1901 v.
1657 1872 1685 1909 8,
1699 1871 1747 1903 27.
1783 1872 1906 1902 Gaudio

1403 1910 1479 1939 falso
1493 1911 1575 1947 frui.
1604 1910 1680 1939 Hec.
1695 1921 1725 1941 v.
1741 1911 1769 1948 4,
1784 1910 1812 1941 2.
1855 1911 1904 1941 Cf.

1404 1948 1527 1978 Phorm.
1543 1949 1575 1978 ii.
1589 1948 1616 1982 3,
1634 1949 1678 1979 13.

1432 1987 1571 2026 frustra]
1598 1988 1668 2023 Quo
1692 1989 1786 2026 magis
1808 1988 1906 2018 libido

1392 2025 1518 2064 frustra
1532 2027 1711 2056 incendatur
1728 2030 1789 2056 tua.
1822 2027 1904 2056 And.

1402 2065 1433 2094 ii.
1463 2063 1489 2101 l,
1515 2064 1544 2095 8.
1593 2065 1669 2094 Istas
1688 2075 1782 2103 ,saepe
1809 2065 1906 2095 insul-

1403 2104 1479 2132 tabis
1493 2104 1626 2141 srustra.
1669 2104 1748 2133 Eun.
1765 2104 1796 2133 ii.
1812 2103 1842 2140 2,
1857 2103 1906 2134 54.

1405 2142 1452 2170 Ne
1476 2151 1526 2171 me
1554 2143 1587 2170 in
1616 2141 1764 2171 laetitiam
1780 2143 1908 2180 frustra

1403 2180 1556 2218 conjicias.
1599 2179 1713 2210 Heaut.
1746 2181 1778 2209 ii.
1805 2181 1834 2216 3,
1855 2180 1906 2211 51.

1402 2218 1534 2247 Frustra
1548 2228 1668 2256 operam
1688 2219 1795 2256 opinor
1809 2228 1916 2250 summ·

1404 2257 1517 2286 Heaut.
1548 2258 1588 2287 iv.
1625 2257 1652 2293 3,
1687 2256 1733 2287 15.
1774 2257 1907 2288 Frustra

1402 2296 1456 2324 has
1483 2300 1602 2333 egomet
1629 2306 1749 2325 mecum
1776 2298 1908 2327 rationes

1425 2341 1485 2363 uto.
1505 2334 1636 2373 Adelph.
1651 2335 1682 2364 ii.
1701 2334 1727 2371 1,
1741 2333 1788 2364 54.
1822 2335 1907 2371 Quid

1402 2344 1453 2402 iiic
1477 2373 1661 2402 conterimus
1683 2383 1804 2412 operam
1815 2373 1907 2412 frus-

1403 2411 1475 2440 tra?
1500 2411 1623 2441 Phorm.
1640 2412 1660 2441 i.
1675 2413 1705 2448 4,
1721 2411 1767 2442 31.
1883 2432 1888 2441 .

1431 2449 1584 2488 frustror]
1625 2450 1719 2489 Saepe
1759 2451 1824 2490 jam
1856 2461 1907 2481 me

1343 2510 1350 2517 .
1404 2498 1469 2526 spes
1483 2488 1718 2527 haecfiwtrata
1735 2493 1790 2519 est.
1823 2489 1906 2520 And.

1403 2527 1435 2556 ii.
1456 2527 1485 2562 2,
1507 2526 1553 2557 37.
1571 2554 1574 2556 ,
1598 2527 1646 2556 Ne
1682 2531 1827 2557 rustretur
1845 2530 1907 2566 ipse

1403 2576 1443 2595 se.
1468 2566 1547 2595 Eun.
1560 2565 1641 2594 Prol.
1675 2567 1702 2595 4.
1744 2567 1797 2596 Sat
1808 2566 1907 2597 adhuc

1403 2609 1456 2633 tua
1482 2614 1536 2633 nos
1558 2605 1715 2641 frustrata
1749 2610 1794 2634 est
1821 2606 1906 2636 fides.

1405 2642 1536 2681 Adelph.
1553 2643 1592 2671 iv.
1609 2643 1637 2679 4,
1655 2642 1701 2672 13.

1405 2720 1411 2726 Ι
1431 2680 1525 2749 figat}
1563 2681 1639 2710 Fors
1644 2682 1720 2720 fuat
1733 2681 1793 2720 pol.
1828 2681 1905 2713 Hec.

1403 2730 1444 2749 iv.
1482 2743 1489 2756 ‚
1525 2742 1531 2749 .

1433 2759 1537 2796 fiacus]
1563 2758 1680 2787 Fucum
1700 2759 1815 2788 factum
1838 2769 1908 2789 mu·
1943 2770 1946 2773 ’

1402 2797 1485 2826 lieri.
1508 2796 1586 2826 Eun.
1603 2797 1647 2825 iii.
1664 2796 1693 2832 5,
1707 2796 1756 2827 41.

1432 2834 1532 2873 fuya]
1569 2835 1617 2864 Ita
1634 2835 1697 2874 jam
1720 2839 1840 2865 ornarat
1850 2835 1908 2872 su-

1400 2883 1481 2911 yam.
1506 2873 1586 2902 Eun.
1600 2874 1639 2903 iv.
1653 2874 1681 2907 4,
1697 2873 1724 2902 6.
1760 2874 1908 2903 Facerent

1395 2912 1515 2950 fuyam.
1539 2911 1618 2940 Eun.
1631 2912 1671 2941 iv.
1681 2911 1710 2948 7,
1724 2911 1769 2943 17.
1805 2912 1908 2948 Quam

1406 2951 1453 2979 hic
1464 2950 1577 2988 fuyam
1597 2954 1649 2978 aut
1665 2950 1780 2980 furtum
1802 2951 1909 2990 parat?

1404 2988 1528 3018 Phorm.
1544 2988 1564 3018 i.
1579 2988 1608 3025 4,
1626 2987 1671 3018 13.
