2020 3412
199 233 255 276 74

316 347 403 396 Qui
422 363 521 391 eum
540 345 713 403 recepit.

313 413 360 456 Is
379 413 441 456 ibi
460 418 653 456 mortuus
673 416 748 455 est.

371 479 451 521 Pa.
485 478 665 521 Phania.

879 233 1134 277 ANDRIA.

775 346 846 390 Ibi
865 362 946 404 ego
965 347 1114 391 audivi
1132 362 1190 389 ex
1208 345 1284 389 illo
1304 360 1393 389 sese
1413 361 1502 389 esse
1521 346 1734 391 Atticum.

815 412 889 456 012.
919 413 1026 471 Ejus
1045 427 1204 456 nomen
1217 413 1238 455 Ρ
1302 411 1372 455 Or.
1395 412 1565 456 Nomen
1584 418 1676 457 tam
1695 414 1780 457 cito
1793 414 1815 457 P

1770 491 1814 523 2⁵

319 545 392 588 Ch.
425 545 552 594 Hem,
574 544 695 600 perii.
763 545 832 588 Cr.
864 545 1030 587 Verum
1060 543 1204 586 hercle
1234 543 1386 601 opinor
1417 544 1547 588 fuisse
1573 544 1813 588 Phaniam:

372 611 452 652 hoc
473 614 587 652 certo
608 609 693 652 scio

315 675 632 719 Rhamnusium
666 690 710 717 se
745 674 885 718 aiebat
917 690 1018 717 esse.

377 741 482 782 haec
503 740 685 782 Chreme

317 806 449 848 Multi
475 806 550 848 alii
580 806 628 847 in
647 804 799 847 Andro
828 810 924 848 tum
950 805 1164 848 audivere.

569 872 678 923 Eho,
700 871 770 913 <310
789 871 912 922 mihi,

373 888 506 928 spero.

319 937 436 985 Quid
466 953 562 979 eam
592 937 721 979 tum?
751 952 927 979 suamne
948 952 1036 979 esse
1057 937 1173 980 aibat
1190 937 1211 979 ?
1274 936 1344 980 Cr.
1376 936 1489 979 Non.

1100 675 1173 718 Oh.
1208 675 1245 717 O
1280 675 1478 732 Jupiter!
1546 675 1616 718 G'r.
1648 676 1815 719 Eadem

1231 804 1304 848 Oh.
1337 805 1521 848 Utinam
1551 805 1599 848 id
1624 805 1681 849 sit
1701 807 1816 863 quod

1556 937 1630 980 Oh.
1663 937 1741 996 Cuj
1746 954 1817 981 am

372 1003 509 1059 igitur
525 1003 546 1045 Ρ
610 1002 680 1045 Or.
712 1002 879 1045 Fratris
900 1002 1047 1044 filiam.

322 1069 395 1113 Oh.
427 1068 552 1111 Certe
576 1083 672 1110 mea
704 1073 779 1110 est.

374 1133 534 1190 Arrige
555 1149 677 1176 aures
698 1133 938 1189 Pamphile.

846 1067 916 1110 Or.
951 1068 1068 1116 Quid
1094 1068 1157 1110 ais
1172 1068 1193 1111 Ρ
1255 1067 1315 1110 Si.
1350 1067 1466 1116 Quid
1495 1072 1546 1110 tu
1574 1068 1637 1111 ais
1653 1069 1674 1111 P
1731 1068 1814 1111 Pa.

1770 1147 1818 1178 30

319 1198 379 1242 Si.
415 1199 501 1246 Qui
520 1199 657 1242 credis
671 1199 692 1241 P
747 1198 820 1241 Oh.
844 1198 1013 1241 Phania
1032 1197 1106 1240 ille
1126 1198 1260 1241 frater
1279 1214 1400 1241 meus
1419 1198 1515 1240 fuit.
1569 1197 1630 1241 Si.
1648 1198 1817 1243 *Noram

376 1270 419 1307 et
440 1265 537 1307 scio.

322 1331 395 1374 072.
427 1331 474 1373 Is
492 1331 596 1372 111110
614 1330 778 1373 bellum
796 1329 981 1386 fugiens,
1013 1345 1166 1386 meque
1190 1329 1238 1372 in
1255 1329 1409 1372 Asiam
1428 1346 1697 1388 persequens,
1717 1346 1815 1387 pro-

372 1397 591 1439 ficiscitur.

316 1462 428 1504 Tum
457 1462 578 1504 illam
601 1461 842 1517 relinquere
873 1461 946 1503 hie
978 1466 1042 1503 est
1067 1461 1249 1513 veritus3
1282 1461 1454 1517 postilla
1480 1476 1596 1504 nunc
1626 1461 1818 1518 primum

373 1527 501 1570 audio

319 1592 435 1640 Quid
453 1592 528 1635 illo
549 1592 605 1635 sit
625 1593 800 1635 factum.
862 1592 943 1634 Pa.
966 1592 1057 1635 Vix
1077 1607 1173 1635 sum
1193 1592 1309 1648 apud
1327 1607 1409 1644 me,
1431 1592 1494 1635 ita
1514 1592 1683 1636 animus
1702 1608 1816 1636 eom-

373 1663 515 1702 motus
536 1663 600 1701 est
620 1664 751 1709 metu,

318 1723 413 1780 Spe,
437 1725 607 1780 gaudio,
629 1724 826 1767 mirando
845 1724 926 1766 hoc
946 1728 1070 1765 tanto
1090 1727 1182 1765 tam
1201 1723 1428 1779 repentino
1447 1724 1571 1766 bono.

1774 1735 1819 1766 35

321 1789 381 1831 Si.
413 1790 508 1833 Nae
527 1790 657 1833 istam
674 1789 941 1832 multimodis
961 1794 1082 1831 tuam
1110 1789 1300 1832 inveniri
1329 1790 1507 1845 gaudeo.
1565 1789 1655 1838 Pa,
1682 1788 1820 1833 Credo

374 1862 509 1912 pater.

322 1922 395 1965 Oh.
427 1921 491 1964 At
519 1921 631 1964 mihi
659 1937 771 1964 unus
801 1921 1026 1977 serupulus
1045 1920 1177 1963 etiam
1205 1924 1339 1962 restat
1358 1920 1434 1976 qui
1453 1936 1523 1963 me
1542 1921 1655 1963 male
1674 1921 1817 1964 habet.

375 1987 456 2029 Pa.
490 1987 662 2043 Dignus
683 2002 726 2028 es

319 2051 430 2094 Cum
450 2057 525 2094 tua
545 2052 754 2108 religione
774 2051 944 2094 odium:
975 2051 1138 2093 nodum
1157 2051 1205 2092 in
1225 2051 1363 2108 scirpo
1384 2051 1565 2107 quaeris.
1608 2051 1678 2094 Or.
1703 2051 1821 2100 Quid

379 2118 490 2160 istuc
511 2122 574 2159 est
591 2117 611 2159 Ρ

248 2251 301 2283 26.
318 2249 429 2290 Perii]
435 2249 497 2281 ’In
511 2249 577 2281 this
591 2259 724 2290 passage
737 2249 796 2280 has
810 2249 919 2280 rather
933 2248 990 2280 the

204 2293 277 2327 idea
285 2293 323 2325 of
329 2293 563 2325 astonishment
571 2293 651 2323 than
661 2292 698 2323 of
705 2292 850 2342 despair,
866 2292 990 2333 though

205 2338 233 2368 it
253 2347 327 2377 may
342 2346 463 2377 oonvey
478 2346 498 2367 a
512 2336 618 2367 mixed
640 2336 791 2376 meaning
813 2336 991 2376 answering

205 2380 278 2412 well
291 2383 326 2410 to
341 2380 397 2411 the
419 2379 587 2411 confusion
609 2379 646 2410 of
663 2378 828 2411 Chremes’
843 2379 989 2419 feelings.

207 2423 367 2464 Compare
382 2422 467 2454 Eun.
483 2423 517 2454 ii.
533 2424 565 2454 3.
582 2423 636 2453 68.

249 2467 305 2503 27.
327 2465 582 2506 Rhamnusium]
610 2465 778 2496 Rhamnus
793 2475 857 2496 was
872 2475 891 2496 a
905 2465 992 2496 well-

205 2509 326 2541 known
341 2507 447 2550 δῆμος
463 2509 500 2540 of
510 2509 620 2540 Attica
633 2509 667 2539 in
682 2508 738 2539 the
753 2508 835 2539 tribe
847 2508 992 2539 Aeantis.

207 2553 242 2584 lt
257 2562 319 2584 was
334 2551 460 2583 famous
475 2552 526 2583 for
539 2552 582 2583 its
598 2551 717 2592 temple
732 2551 768 2581 of
779 2551 938 2582 Nemesis.

251 2597 305 2628 30.
321 2595 445 2636 Arriye
459 2595 570 2636 aures]
597 2595 756 2635 Compare
766 2595 909 2632 Plautus,
923 2595 991 2625 Ru-

207 2639 288 2671 dens
312 2649 342 2670 v.
369 2641 402 2670 2.
429 2640 468 2670 6:
504 2641 524 2657 “
539 2638 624 2669 Proh
647 2638 680 2669 di
702 2638 911 2675 immortales,
934 2648 991 2669 suo

207 2682 288 2714 mihi
323 2682 376 2713 hic
413 2691 560 2713 sermone
596 2681 713 2713 arrexit
749 2681 876 2712 aures.'’
922 2681 992 2712 Τ110

208 2725 348 2767 phrase
339 2735 367 2757 15
383 2735 533 2756 common
555 2725 590 2756 in
612 2735 633 2756 a
657 2734 747 2756 more
769 2724 874 2756 litei-al
888 2733 991 2756 sense.

207 2769 271 2801 See
286 2768 400 2809 virgil,
416 2768 500 2800 Aen.
515 2768 548 2799 ii.
565 2769 640 2801 303.

253 2813 307 2844 33.
339 2811 499 2852 Postilla]
541 2811 603 2843 See
638 2813 716 2843 note
752 2821 796 2844 on
831 2812 840 2829 ‘
854 2809 992 2847 Postea,y

209 2855 314 2896 Adelp
315 2855 372 2887 hi'
364 2865 407 2886 xv.
423 2857 454 2886 5.
471 2856 525 2887 26.

253 2898 308 2935 37.
324 2899 456 2938 Diymw
470 2907 504 2930 ee
522 2897 603 2929 C'um
618 2899 676 2930 tua
690 2898 848 2938 reliyione
863 2896 989 2937 odium]

208 2941 470 2974 Commentators
481 2941 551 2973 find
561 2951 605 2972 au
615 2950 828 2981 unnecessary
839 2939 994 2980 difficulty

209 2985 246 3016 in
271 2985 336 3016 this
359 2985 435 3024 line,
451 2984 636 3026 explaining
657 2984 685 3016 it
708 2984 743 3015 in
757 2984 883 3018 various
897 2993 992 3024 ways,

1034 2259 1061 2280 e.
1084 2259 1118 2290 y.
1150 2251 1158 2266 ‘
1171 2249 1287 2289 dignus
1310 2248 1356 2281 ,ad
1389 2248 1524 2287 odium,’
1553 2259 1573 2280 a
1602 2250 1822 2282 construction

1032 2302 1131 2324 never
1146 2292 1256 2329 found,
1281 2292 1370 2323 and‘
1384 2292 1494 2323 odium
1508 2292 1516 2307 '
1533 2302 1568 2324 as
1588 2293 1623 2324 in
1637 2294 1822 2335 apposition

1033 2338 1092 2367 to‘
1104 2335 1164 2366 tu!
1211 2336 1278 2366 But
1292 2335 1349 2366 the
1364 2335 1440 2376 only
1454 2335 1514 2367 fair
1529 2346 1598 2377 way
1612 2339 1647 2368 to
1670 2340 1820 2369 construe

1034 2379 1090 2410 the
1099 2379 1165 2410 line
1174 2379 1350 2410 istotake‘
1361 2379 1476 2419 dignus
1488 2378 1620 2417 odium,¹
1633 2390 1668 2411 as
1682 2381 1823 2422 ‘worthy

1035 2422 1073 2453 of
1093 2422 1229 2453 batred.5
1277 2421 1443 2479 ‘Dignus'
1461 2423 1537 2454 here
1551 2433 1660 2464 passes
1676 2423 1747 2455 into
1765 2424 1822 2456 the

1037 2476 1129 2496 sense
1155 2465 1223 2496 of‘
1237 2465 1394 2502 meritus?
1422 2465 1486 2497 and
1509 2466 1600 2497 takes
1626 2467 1704 2498 with
1729 2467 1756 2499 it
1777 2477 1821 2498 an

1037 2509 1226 2546 accusative,
1248 2519 1283 2539 as
1307 2509 1342 2539 in
1367 2508 1519 2540 Phormio
1541 2510 1586 2540 iii.
1607 2511 1640 2541 2.
1655 2511 1718 2542 34:
1743 2510 1822 2542 “Di

1034 2552 1095 2582 tibi
1122 2562 1234 2582 omnes
1248 2552 1282 2582 id
1297 2552 1382 2592 quod
1398 2562 1432 2583 es
1450 2552 1565 2593 dignus
1586 2553 1714 2584 duint.''
1732 2553 1822 2585 08ae

1035 2595 1102 2626 also
1119 2596 1262 2632 Plautus,
1289 2595 1415 2635 Captiv.
1442 2606 1472 2627 v.
1497 2598 1528 2628 2.
1548 2597 1609 2627 16:
1635 2597 1744 2628 “Non
1769 2606 1822 2628 me

1037 2648 1147 2669 censes
1163 2639 1242 2669 scire
1258 2639 1335 2679 quid
1351 2638 1467 2679 dignus
1482 2639 1561 2670 siem
1572 2639 1608 2670 ?’'
1844 2650 1849 2651 ⁷

1081 2682 1214 2712 Nodum
1230 2683 1264 2712 in
1278 2683 1386 2721 scirpo
1399 2683 1545 2723 quaeris]
1573 2685 1581 2701 ‘
1594 2682 1671 2714 You
1685 2682 1762 2714 look
1772 2682 1824 2714 for

1037 2735 1056 2755 a
1083 2725 1163 2755 knot
1188 2725 1222 2755 in
1243 2735 1262 2755 a
1276 2725 1434 2756 bulrush.’
1480 2725 1559 2756 This
1574 2735 1639 2757 was
1653 2736 1674 2756 a
1686 2725 1823 2766 proverb

1037 2767 1116 2798 used
1131 2768 1168 2798 of
1177 2768 1271 2798 those
1286 2768 1357 2798 who
1380 2769 1474 2799 made
1493 2769 1671 2810 imaginary
1687 2769 1822 2800 difficul-

1038 2811 1097 2841 ties
1113 2811 1148 2841 of
1161 2821 1236 2851 easy
1251 2811 1370 2851 things.
1418 2812 1451 2842 It
1464 2812 1492 2842 is
1503 2812 1624 2853 quoted
1639 2811 1682 2853 by
1698 2812 1823 2844 Ennius

1038 2852 1094 2895 (ap
1095 2854 1138 2884 ud
1152 2853 1344 2895 Festum):‘
1348 2855 1499 2888 ‘Quaeris
1513 2859 1547 2886 et
1561 2856 1595 2886 in
1610 2855 1725 2896 scirpo,
1737 2856 1823 2887 soliti

1039 2897 1124 2937 quod
1141 2897 1256 2932 dicere,
1272 2897 1429 2928 noduml’
1459 2898 1529 2929 The
1541 2908 1629 2930 same
1634 2899 1823 2949 expression

1038 2940 1066 2972 is
1080 2950 1118 2971 us
1105 2940 1160 2971 sed
1174 2939 1217 2981 by
1234 2940 1378 2979 Plautus,
1394 2941 1640 2974 Menaechmei'
1632 2942 1665 2974 11.
1684 2943 1783 2977 1-22.
