2020 3412
273 330 358 374 &ss

275 445 381 475 Homo
394 445 509 475 amicus
521 443 610 474 nobis
628 444 691 489 jam
707 442 777 471 inde

274 494 293 514 a
317 494 418 523 puero.
452 482 584 522 Adelph.
609 483 650 512 iii.
677 481 706 516 3,
730 480 776 510 86.

276 523 462 553 Communia
476 533 539 553 esse
553 522 718 551 amicorum
733 521 779 549 in-

275 567 324 592 ter
347 571 378 592 ue
399 563 513 591 omnia.
545 560 675 599 Adelph.
698 569 726 589 v.
750 558 778 594 3,

278 600 325 631 18.
377 601 425 631 Ex
453 599 558 630 amicis
590 599 708 628 inimici
746 602 780 626 ut

277 640 339 670 sint
353 641 441 670 nobie
454 639 569 673 affines,
589 639 670 667 facis.
701 636 778 665 Hee.

277 679 308 709 ii.
340 678 368 715 1,
398 678 442 708 1⁴.
491 677 583 707 Solus
610 681 656 706 est
689 675 780 704 homo

277 718 372 747 amico
392 718 512 746 amicus.
545 716 669 745 Phorm.
692 714 736 743 iii.
753 713 781 750 3,

278 756 326 786 29.
364 756 408 786 Ut
423 756 601 785 amiciinter
612 764 668 783 nos
676 754 781 782 simus.

280 795 405 825 Phorm.
435 795 465 823 ii.
497 793 524 829 3,
557 793 604 822 84.
654 792 784 830 Aliquot

279 832 638 864 mihiamioosadvocabo.
657 831 781 861 Phorm.

279 874 310 903 ii.
331 872 356 909 l,
372 872 420 902 83.

318 910 435 950 amitto]
458 910 513 940 Vis
525 920 572 939 me
584 919 712 939 uxorem
728 909 783 938 du-

280 952 370 980 cere?
402 950 479 979 hanc
506 948 665 978 amittere?
701 948 783 977 And.

281 1000 310 1020 v.
328 989 356 1024 3,
377 988 426 1020 27.
470 987 562 1018 Illam
584 998 600 1017 e
621 992 783 1025 conspectu

279 1029 371 1058 amisi
383 1037 461 1057 meo.
485 1027 565 1056 Eun.
579 1027 611 1056 ii.
627 1026 656 1063 3,
667 1025 694 1055 2.
737 1025 785 1055 Si-

282 1066 349 1097 mul
364 1066 526 1096 consilium
538 1076 608 1095 cum
620 1074 653 1094 re
663 1065 786 1094 amisti?

283 1106 364 1136 Eun.
377 1107 409 1136 ii.
419 1105 449 1142 2,
464 1105 510 1135 10.
553 1105 635 1134 Cave
649 1114 688 1134 ne
703 1105 786 1142 prius

282 1155 373 1184 quam
401 1144 480 1174 hane
512 1154 531 1173 a
564 1153 614 1173 me
648 1144 786 1182 accipias,

282 1185 415 1214 amittas.
438 1183 520 1212 Eun.
540 1183 582 1212 iv.
596 1182 625 1218 6,
643 1181 689 1212 13.
733 1182 785 1211 An

283 1233 337 1291 {go
371 1223 586 1290 0099105116ἳὸ
594 1220 787 1296 amigeoedn'?

315 1272 365 1291 un.
401 1271 447 1290 ιιι.
589 1283 595 1290 .
688 1269 717 1288 ui
743 1269 787 1288 vis

283 1300 375 1336 malo,
408 1284 512 1345 quam,
527 1299 610 1329 hunc
641 1298 785 1328 amittere.

284 1339 398 1369 Heaut.
414 1348 454 1368 iv.
471 1339 499 1375 8,
517 1337 563 1368 18.
606 1337 705 1367 Testis
724 1347 787 1366 me-

283 1388 353 1408 cum
382 1383 427 1407 est
447 1377 591 1413 annulus,
612 1386 704 1415 quem
726 1377 787 1415 ipse

283 1417 434 1446 amiserat.
460 1415 591 1454 Adelph.
615 1415 661 1444 iii.
685 1414 714 1452 2,
739 1414 785 1444 49.

286 1456 331 1485 Ut
371 1455 453 1491 veni,
488 1455 594 1484 itidem
636 1454 787 1483 incertum

284 1494 393 1524 amisti.
423 1493 499 1523 Hec.
522 1494 555 1523 ii.
576 1492 605 1525 2.
627 1492 655 1522 9.
698 1492 789 1522 Nunc

285 1534 388 1563 amitte
409 1542 520 1572 quaeso
539 1531 631 1561 hunc.
661 1531 787 1561 Phorm.

285 1573 306 1602 i.
331 1572 361 1609 2,
385 1571 432 1601 91.
475 1571 584 1609 Neque
605 1570 757 1609 quomodo
772 1580 790 1600 a

284 1621 335 1641 me
349 1611 486 1640 amittam
500 1610 633 1639 invenio.
663 1609 787 1638 Phorm.

285 1651 330 1680 iii.
359 1650 388 1684 2,
415 1649 463 1679 22.
516 1648 690 1678 Mercedem
719 1648 789 1677 darc

285 1688 339 1718 lex
361 1689 450 1727 jubet
470 1688 498 1717 ei
521 1693 611 1726 atque
632 1687 788 1716 amittere?

288 1728 411 1757 Phorm.
429 1728 461 1756 ii.
485 1726 514 1763 3,
536 1726 581 1759 67.
626 1726 671 1755 Ut
690 1736 789 1764 neque

287 1767 364 1796 mihi
393 1766 460 1806 ejus
486 1766 526 1798 sit
546 1765 712 1800 amittendi,
733 1774 789 1794 nec

287 1806 439 1835 retinendi
474 1805 566 1843 copia.
609 1803 735 1834 Phorm.
768 1804 787 1833 i.

287 1845 316 1881 3,
331 1844 379 1874 24.
423 1844 521 1873 Video
536 1843 637 1872 filium
655 1843 789 1872 invitum

287 1894 359 1913 sane
383 1882 546 1912 mulierem
572 1882 624 1911 abs
648 1891 680 1911 se
702 1882 791 1911 amit-

288 1925 356 1952 tere.
380 1922 506 1952 Phorm.
521 1932 549 1951 v.
566 1921 594 1957 7,
609 1920 656 1953 27.

327 1961 410 2000 amo]
438 1961 482 1990 Hi
511 1965 571 1991 tres
597 1964 665 1989 tum
697 1959 791 1989 simul

288 2000 441 2030 amabant.
466 2000 548 2030 And.
559 1998 678 2036 i.1,61.
705 1998 791 2028 Dum

289 2039 410 2068 licitum
434 2044 480 2068 est
498 2039 537 2075 ei,
552 2038 677 2068 amavit.
711 2038 788 2066 And.

290 2078 360 2115 ii.6,
376 2077 422 2108 13.
459 2077 596 2116 Inceptio
619 2083 665 2105 est
688 2086 791 2106 amen-

290 2117 369 2146 tium
389 2117 471 2146 haud
494 2115 670 2145 amantium.
709 2115 792 2145 And.

290 2156 310 2185 i.
327 2155 356 2191 3,
373 2154 418 2184 13.
460 2155 588 2190 Scimus,
599 2164 689 2192 quam
702 2155 791 2183 mise-

289 2203 323 2223 re
331 2193 410 2222 hanc
418 2194 539 2222 amarit.
557 2193 638 2222 And.
651 2193 692 2222 iii.
701 2192 730 2228 2,
743 2192 790 2223 40.

290 2232 468 2261 Amantium
495 2232 557 2260 irae
584 2231 694 2260 amoris
716 2231 793 2260 inte-

291 2270 397 2309 gratio.
421 2269 504 2298 And.
522 2270 564 2298 iii.
582 2269 610 2303 3,
631 2268 679 2298 23.
723 2269 791 2298 Nisi

291 2319 342 2338 me
361 2308 500 2338 lactasses
520 2310 676 2336 amantem.
709 2307 790 2336 And.

291 2348 331 2377 iv.
354 2346 381 2383 l,
401 2346 450 2376 24.
493 2345 612 2384 Ecquid
633 2355 687 2374 nos
707 2355 793 2375 amas

291 2387 329 2416 de
343 2385 467 2415 fidicina
487 2385 584 2413 istac?
608 2384 686 2413 Eun.
705 2384 748 2413 iii.
762 2383 792 2420 2,

292 2424 320 2455 3.
364 2424 440 2454 Dies
452 2428 615 2461 noctesque
629 2433 679 2452 me
692 2433 772 2451 ames
782 2434 792 2452 .-

293 2473 344 2493 me
353 2463 511 2492 desideres.
536 2461 617 2491 Eun.
641 2462 660 2490 i.
676 2461 706 2497 2,
724 2460 790 2490 113.

293 2502 424 2541 Aliquid
456 2501 559 2530 inveni
594 2500 684 2529 modo
712 2500 793 2539 quod

292 2551 382 2571 ames.
405 2539 486 2570 Eun.
500 2540 532 2569 ii.
548 2538 576 2575 3,
593 2538 638 2571 17.
682 2538 791 2568 Extre-

293 2590 344 2610 ma
366 2579 450 2609 linea.
470 2587 586 2613 amare,
608 2577 688 2607 haud
712 2577 791 2606 nihil

292 2624 346 2649 ent.
384 2618 464 2648 Eun.
490 2618 528 2647 iv.
557 2616 587 2653 2,
615 2615 659 2646 13.
702 2616 791 2646 Nihil

291 2662 338 2687 est
360 2657 478 2686 Thaide
495 2656 551 2685 hac
571 2655 600 2684 di
622 2655 692 2684 nius
712 2656 792 2694 quod

292 2699 418 2726 ametur.
442 2695 522 2724 Eun.
533 2705 561 2724 v.
573 2693 601 2729 8,
632 2694 658 2724 2.
688 2694 792 2731 Quan-

293 2739 324 2764 to
339 2735 442 2764 minus
456 2734 518 2772 spei
533 2737 587 2768 est,
599 2738 684 2762 tanto
699 2733 792 2771 magis

292 2783 369 2803 amo.
401 2772 480 2802 Eun.
506 2782 534 2801 v.
564 2772 592 2808 8,
613 2771 661 2801 23.
704 2771 792 2801 Nun-

293 2822 385 2851 quam
412 2812 459 2841 fui
486 2821 614 2849 usquam
642 2810 716 2848 quin
743 2820 792 2840 me

293 2860 398 2885 omnes
437 2852 574 2879 amarent
614 2849 790 2888 plurimum.

293 2889 375 2918 Eun.
404 2899 433 2918 V.
461 2888 490 2921 8,
515 2887 562 2918 62.
604 2888 656 2917 Sic
676 2897 726 2917 me
749 2888 790 2917 Di

291 2927 440 2957 amabunt.
478 2926 590 2956 Heaut.
620 2927 663 2956 iii.
692 2925 718 2963 l,
743 2926 789 2957 54.

293 2966 375 2995 Novi
389 2976 443 3004 ego
461 2966 627 2994 amantium
642 2965 789 2996 animum.

291 3004 404 3034 Heaut.
420 3004 464 3033 iii.
488 3003 515 3040 3,
537 3004 564 3033 9.
608 3003 656 3033 Ita
676 3014 725 3033 me
748 3003 790 3034 Di

289 3043 440 3078 amabunt,
455 3047 490 3072 ut
511 3052 592 3072 nunc
615 3042 790 3072 Menedemi

968 327 1167 371 INDEX

831 442 860 477 5,
897 442 923 472 1.
975 441 1069 477 Cave,
1104 441 1129 471 ni
1162 450 1213 470 me
1239 450 1334 470 amas.

833 481 946 511 Heaut.
981 491 1009 510 v.
1036 481 1065 516 4,
1094 479 1123 510 8.
1166 480 1280 510 Merito
1305 485 1335 510 te

831 530 909 550 aino.
942 519 1073 558 Adelph.
1090 529 1117 548 v.
1134 518 1163 555 8,
1177 518 1225 549 23.
1268 519 1336 548 Ma-

831 560 876 598 gis
891 564 920 588 te
936 569 1028 598 quam
1044 557 1149 587 oculos
1164 568 1245 587 nunc
1267 568 1336 587 amo

832 607 926 627 meos.
983 596 1063 627 Adel
1085 597 1114 626 h.
1152 597 1193 627 iv.
1229 597 1259 633 ὅ,
1286 596 1334 628 67.

834 637 896 673 Qui
914 644 942 666 te
956 639 1040 666 amat
1053 608 1122 675 pilus
1137 646 1226 675 quum
1248 635 1337 666 hosce

833 675 945 705 oculos.
971 675 1103 714 Adelph.
1119 685 1146 704 v.
1164 674 1192 711 7,
1207 674 1235 704 5.
1272 675 1336 704 Ha-

834 715 897 750 bui,
906 715 1009 744 amavi
1022 725 1075 752 pro
1086 724 1164 743 meo.
1202 713 1334 753 Adelph.

835 754 853 783 i.
874 753 958 790 l,22.
1001 754 1102 790 Quam
1115 753 1163 782 hic
1176 763 1236 782 non
1251 763 1337 782 ama-

834 794 878 822 vit
888 793 1077 822 meretricem
1089 793 1103 821 ?
1132 791 1209 821 Adel
1235 792 1262 821 h.
1276 793 1294 821 i.
1308 791 1337 826 2,

835 831 881 861 69.
922 831 1007 861 Inter
1021 841 1052 860 se
1065 841 1180 860 amare.
1236 830 1335 869 delph.

834 881 863 901 v.
891 870 919 907 3,
944 870 990 900 42.
1035 870 1129 900 Recte
1150 870 1261 899 amasti
1282 880 1337 899 ux-

835 920 918 939 orem
942 914 1036 939 tuam.
1074 909 1150 938 Hec.
1180 919 1207 938 v,
1231 910 1260 945 4,
1287 908 1335 939 22.

836 949 916 978 Amo
947 954 987 985 te,
1015 954 1045 978 et
1073 948 1167 978 habeo
1199 949 1336 987 gratiam.

837 988 961 1017 Phorm.
984 989 1003 1016 i.
1025 986 1055 1024 2,
1077 987 1104 1017 4.
1149 987 1198 1016 Ita
1219 997 1270 1017 me
1295 987 1337 1016 Di

837 1028 912 1056 bene
939 1029 1047 1063 ament,
1077 1030 1112 1055 ut
1145 1025 1222 1055 mihi
1249 1025 1339 1055 licent

837 1071 899 1095 tam
940 1066 994 1095 diu
1034 1065 1115 1104 quod
1155 1075 1224 1094 amo
1266 1066 1336 1094 frui.

838 1104 962 1134 Phorm.
980 1105 999 1134 i.
1017 1104 1043 1134 3.
1064 1103 1106 1134 13.

875 1143 1004 1173 amolior
1045 1143 1130 1173 Hinc
1156 1153 1209 1172 vos
1232 1142 1339 1172 arnali-

837 1183 919 1212 mini.
945 1183 996 1212 An
1021 1206 1026 1211 .
1044 1182 1083 1212 iv.
1099 1182 1128 1213 2.
1143 1181 1190 1211 24.

875 1222 978 1260 amor]
1011 1221 1095 1251 Bene
1110 1220 1336 1250 dissimulatum

836 1271 968 1290 amorem
997 1266 1028 1290 et.
1054 1259 1185 1289 celatum
1216 1260 1336 1289 indicat.

840 1300 921 1329 And.
932 1299 950 1328 i.
964 1299 990 1335 1,
1005 1299 1070 1329 105.
1106 1299 1149 1328 Ut
1161 1304 1338 1328 consuetum

837 1338 927 1367 facile
941 1348 1072 1367 amm-em
1084 1348 1228 1367 cerneres.
1254 1338 1336 1367 And.

838 1378 858 1407 i.
876 1376 903 1414 1,
922 1376 985 1406 108.
1022 1377 1082 1413 Qui
1099 1377 1188 1406 istum
1207 1386 1338 1405 atriorem

838 1426 875 1445 ex
915 1417 1015 1445 animo
1057 1425 1205 1445 amoveas.
1254 1416 1336 1445 And.

838 1455 871 1485 ii.
898 1454 924 1491 l,
947 1454 975 1486 7.
1020 1455 1111 1484 Nunc
1136 1458 1165 1483 te
1187 1464 1239 1493 per
1262 1455 1338 1483 ami-

838 1494 941 1523 citiam
966 1498 997 1523 et
1023 1503 1075 1532 per
1098 1503 1230 1522 amorem
1254 1493 1338 1522 obse-

839 1542 898 1562 cro.
931 1533 1012 1561 And.
1035 1533 1066 1561 ii.
1085 1531 1112 1567 1,
1131 1531 1179 1562 26.
1223 1532 1339 1561 Aman-

840 1572 920 1601 tium
943 1572 1004 1600 irae
1025 1572 1138 1600 amoris
1167 1571 1337 1609 integratio.

842 1610 922 1640 And.
939 1610 981 1640 iii.
1006 1609 1033 1644 3,
1055 1610 1106 1640 23.
1149 1609 1339 1639 Adolescen-

840 1649 906 1678 tulo
928 1650 960 1678 in
981 1648 1040 1678 alio
1061 1654 1204 1687 occupato
1227 1658 1338 1678 amore.

843 1689 925 1718 And.
951 1698 979 1718 v,
1008 1687 1035 1724 1,
1062 1687 1106 1718 10.
1150 1687 1340 1716 Meretricios

841 1737 960 1756 amores
983 1737 1026 1756 nu
1048 1728 1099 1756 tiis
1126 1726 1341 1764 conglutinas?

843 1766 924 1795 And.
941 1776 968 1795 v.
985 1766 1013 1802 4,
1048 1765 1074 1795 0.
1119 1766 1244 1795 Utinam
1264 1771 1343 1795 esset

842 1805 919 1834 mihi
930 1815 994 1844 pars
1003 1815 1099 1844 aequa
1107 1805 1218 1834 amoris
1229 1810 1340 1834 tecum.

843 1844 922 1873 Eun.
951 1844 971 1873 i.
1007 1843 1036 1880 2,
1074 1843 1119 1872 12.
1170 1843 1207 1872 In
1240 1853 1343 1872 amore

841 1883 914 1912 haec
925 1883 1028 1912 omnia
1039 1883 1142 1912 insunt
1153 1883 1236 1912 vitia.
1245 1878 1339 1912 'Eun.

841 1923 860 1952 i.
900 1921 926 1958 1,
963 1921 1007 1951 14.
1061 1921 1179 1960 Neque,
1213 1926 1342 1960 praeter-

842 1971 933 1999 quam
969 1971 1021 1990 uae
1042 1961 1105 2000 ipse
1127 1970 1214 1989 amor
1232 1959 1342 1990 moles-

843 2000 897 2029 tias
918 2000 957 2029 ha
997 2006 1018 2035 t,
1039 2000 1138 2029 addas.
1171 1998 1252 2028 Eun.
1274 1999 1296 2029 i.
1315 1998 1342 2035 1,

843 2038 889 2068 32.
930 2039 1045 2067 Amore
1058 2039 1156 2067 ardeo.
1181 2038 1261 2067 Eun.
1277 2039 1295 2067 i.
1314 2038 1341 2074 1,

841 2077 888 2111 27.
923 2077 1000 2107 Prae
1011 2087 1111 2106 amore
1123 2076 1253 2106 exclusti
1261 2077 1342 2106 hunc

841 2117 929 2146 foras.
954 2116 1022 2145 Eun
1048 2115 1108 2152 i.2,
1120 2115 1164 2145 18.
1200 2116 1343 2145 Amorem

841 2154 1059 2184 difficillimum
1085 2159 1116 2184 et
1141 2155 1343 2191 carissimum,

843 2194 880 2222 ab
894 2194 1052 2222 meretrice
1074 2193 1224 2230 virginem
1252 2203 1343 2231 quam

843 2232 970 2261 amabat.
1000 2231 1079 2260 Eun.
1105 2242 1132 2260 V.
1155 2232 1184 2267 4,
1199 2233 1229 2261 4.
1271 2231 1343 2260 Non

842 2271 916 2299 adeo
944 2280 1013 2298 sum
1041 2270 1182 2307 imperita
1209 2275 1244 2299 ut
1289 2270 1342 2298 uid

842 2318 929 2337 amor
954 2307 1054 2337 valeat
1076 2308 1217 2338 nesciam.
1291 2319 1340 2338 un.

843 2357 870 2376 v,
886 2346 916 2383 2,
937 2346 983 2376 42.
1028 2347 1099 2375 Meo
1120 2347 1204 2375 fratri
1226 2347 1341 2385 gaudeo

843 2395 907 2415 esse
920 2395 1052 2414 amorem
1073 2395 1194 2414 omnem
1214 2395 1246 2415 in
1262 2391 1342 2415 tran-

843 2423 949 2463 quillo.
987 2424 1067 2454 Eun.
1090 2434 1117 2453 V.
1143 2424 1170 2460 8,
1199 2424 1226 2454 8.
1271 2425 1341 2454 Non

842 2463 943 2492 amori
952 2473 1070 2501 operam
1081 2463 1198 2493 dabam.
1226 2463 1342 2493 Heaut.

843 2502 863 2531 i.
888 2501 914 2539 l,
936 2501 983 2531 58.
1027 2501 1130 2531 Aliter
1150 2507 1239 2531 tuum
1261 2513 1342 2531 amo-

843 2550 905 2570 rem
919 2544 1010 2578 atque
1021 2545 1066 2570 est
1079 2541 1196 2580 accipis.
1226 2541 1339 2571 Heaut.

843 2579 873 2608 ii.
898 2578 926 2615 3,
946 2578 994 2609 23.
1037 2579 1080 2608 Et
1102 2589 1160 2615 me,
1185 2588 1216 2610 et
1238 2590 1341 2609 meum

842 2627 983 2654 amorem,
1006 2622 1036 2647 et
1060 2618 1173 2648 famam
1217 2620 1342 2648 ermitto

843 2657 906 2685 tihi.
941 2656 1053 2685 Heaut.
1082 2657 1112 2686 ii.
1142 2656 1170 2691 3,
1222 2657 1265 2687 10.
1308 2658 1339 2687 Si

842 2694 919 2724 mihi
941 2696 1087 2724 secundae
1108 2705 1155 2724 res
1179 2696 1216 2725 de
1239 2706 1341 2725 amore

843 2743 911 2762 meo
932 2739 1038 2762 essent.
1072 2734 1183 2764 Heaut.
1206 2735 1236 2764 ii.
1261 2734 1289 2766 2.
1314 2734 1339 2764 1.

844 2772 878 2800 In
894 2771 975 2800 hunc
989 2773 1116 2809 suspicio
1130 2778 1175 2802 est
1197 2773 1341 2803 translata

841 2810 962 2839 amoris.
1011 2811 1123 2840 Heaut.
1159 2812 1199 2841 iv.
1233 2812 1262 2848 5,
1290 2811 1338 2842 53.

843 2849 997 2878 Persuasit
1017 2859 1088 2885 nox,
1104 2860 1199 2885 amor,
1221 2852 1339 2886 vinum,

841 2887 1049 2917 adolescentia.
1094 2889 1224 2927 Adelph.
1249 2890 1294 2919 iii.
1310 2890 1339 2926 4,

840 2925 888 2956 24.
932 2925 1039 2955 Meum
1060 2936 1191 2956 amorem
1216 2933 1247 2957 et
1311 2939 1338 2957 c-

841 2970 942 2995 catum
952 2965 982 2994 in
992 2974 1023 2994 ee
1034 2966 1196 2995 transtulit.
1208 2967 1275 2996 Ade
1289 2967 1337 3005 ph.

841 3005 873 3034 ii.
889 3003 917 3039 3,
936 3003 979 3032 10.
1022 3003 1166 3042 Ctesipho
1180 3011 1281 3034 autem
1308 3006 1338 3034 in

839 3052 941 3072 autore
961 3046 1006 3071 est
1027 3046 1118 3071 totus.
1153 3044 1280 3082 Adelph.
1298 3045 1336 3073 iv.

288 3082 386 3111 vicem
401 3082 523 3111 miseret
537 3091 594 3111 me.
619 3081 732 3111 Heaut.
749 3083 788 3111 iv.
839 3081 869 3118 2,
883 3081 932 3111 50.
980 3080 1134 3110 Pudorine
1147 3092 1227 3112 anne
1241 3083 1341 3112 amori

1213 0 1228 11 x
1239 0 1251 10 -ῖ
1257 7 1264 14 .
1275 0 2020 19 *affe-:snm

1388 441 1458 470 obse
1480 444 1604 471 uer-etur
1627 441 1731 481 magis.
1763 441 1841 472 Hoc.
1867 441 1889 471 i.

1387 479 1416 514 2,
1444 481 1463 509 4
1485 503 1491 510 .
1542 480 1702 510 Habebam
1725 479 1800 510 :libi
1824 480 1892 510 mi·

1387 529 1473 548 mum
1500 519 1600 549 amori
1625 519 1773 550 deditum.
1810 518 1890 550 Ηοσ.

1387 558 1430 588 iii.
1448 557 1474 594 1,
1492 557 1536 588 14.
1583 558 1635 588 Me
1649 559 1763 598 parenti
1777 559 1891 597 potius,

1387 607 1478 665 q-iiam
1495 597 1598 643 opteri
1615 598 1740 636 obsequi
1761 603 1890 637 oportet.

1387 635 1670 720 ..35321332;..i¹.·p;⁹2⁴.5
1689 636 1892 705 ...mm

1388 724 1415 743 rt
1431 719 1491 743 tuo.
1516 714 1594 744 Hec.
1611 715 1651 744 iv.
1685 714 1729 751 ,7.
1761 713 1892 744 Homno

1387 763 1519 782 amorem
1533 751 1660 782 distrahi
1675 753 1794 792 poterin
1804 753 1867 792 pati
1876 754 1893 783 Ρ

1390 791 1513 821 Phorm.
1530 792 1572 821 iii.
1587 792 1616 825 2,
1632 792 1679 822 34.

1388 870 1398 898 i
1427 831 1565 899 ἶιιιιίτόευ]
1571 831 1688 899 Ιέίιηοίο
1698 834 1792 862 metu.
1804 830 1891 877 And.

1402 893 1408 899 .
1454 894 1460 906 ‚
1522 892 1530 900 .
1598 879 1892 900 romunameoi-

1388 908 1514 938 nionem
1542 908 1618 938 hanc
1641 914 1724 938 tuam
1749 918 1815 938 mo
1847 880 1893 938 po

1387 951 1519 977 amotam
1547 947 1626 977 volo.
1675 947 1756 978 And.
1788 918 1892 984 iiifss,

1388 985 1434 1016 30.
1479 986 1544 1026 Ego
1558 986 1642 1016 hunc
1656 985 1804 1016 amovebo.
1847 987 1892 1017 A.-

1388 1025 1489 1064 delph.
1524 1026 1560 1055 iv.
1598 1025 1628 1060 2,
1664 1025 1712 1056 14.
1767 1025 1892 1056 'Pe-tem

1389 1064 1465 1093 lianc
1489 1074 1582 1103 quum
1605 1065 1657 1094 aba
1680 1069 1710 1094 te
1733 1065 1890 1095 amoveri&

1390 1103 1466 1133 Hec.
1483 1104 1522 1133 iv.
1534 1103 1564 1138 4,
1578 1103 1626 1136 72.
1662 1103 1757 1133 Modo
1772 1108 1802 1133 ω
1815 1103 1893 1134 hine

1388 1151 1501 1172 amove.
1524 1142 1650 1172 Phorm.
1666 1142 1709 1172 iii.
1720 1142 1756 1178 =3‚
1771 1142 1820 1172 34.

1427 1181 1600 1220 amplector]
1621 1181 1655 1211 Si
1683 1191 1715 1211 se
1746 1180 1834 1211 illam
1859 1182 1892 1211 in

1389 1221 1511 1257 somnis,
1548 1230 1617 1250 uam
1640 1219 1742 1257 illum,
1754 1219 1895 1259 amplecti

1389 1258 1506 1289 maluit.
1560 1260 1611 1289 nd.
1627 1260 1659 1289 ii.
1674 1259 1704 1296 5,
1719 1258 1765 1289 19.

1427 1297 1598 1338 amplexor]
1622 1298 1718 1328 Mitto
1727 1298 1792 1337 jam
1808 1308 1894 1328 oscu-

1389 1336 1448 1405 laril
1464 1342 1556 1405 athue
1574 1336 1751 1376 ampleoeari.
1777 1336 1892 1367 Heeut.

1389 1387 1408 1406 v
1428 1377 1575 1483 αῆτρῖἰῇνίι
1606 1414 1675 1444 Hae
1708 1414 1771 1444 irae
1797 1415 1894 1445 fectae

1390 1460 1490 1484 essent
1505 1464 1558 1484 mu
1573 1458 1604 1483 to
1617 1453 1786 1492 ampliores.
1813 1453 1893 1484 Hec.

1390 1494 1432 1523 iii.
1464 1493 1490 1529 1,
1515 1493 1543 1522 9.
1599 1492 1632 1523 Si
1663 1493 1743 1523 sorte
1767 1493 1895 1523 morbus

1389 1532 1522 1600 clzvnggior
1538 1532 1636 1562 factus
1656 1532 1723 1562 siet.
1755 1531 1832 1562 Hoc.
1847 1532 1892 1562 iii.

1411 1594 1418 1608 '
1433 1590 1443 1600 Ι.
1474 1593 1481 1600 ι

1429 1609 1573 1648 arnplius]
1606 1609 1691 1646 Quid
1729 1613 1776 1639 est
1813 1608 1895 1648 quod

1391 1649 1446 1678 tibi
1462 1659 1530 1678 mea
1546 1658 1595 1678 are
1610 1648 1728 1678 efficere
1750 1648 1807 1678 hoc
1826 1657 1897 1688 poe-

1392 1689 1433 1717 sit
1459 1687 1612 1725 ampliu-s?
1648 1687 1730 1717 And.
1759 1687 1782 1718 i.
1810 1686 1837 1724 l,
1864 1688 1896 1718 4.

1393 1727 1627 1763 Numquidnam
1669 1736 1701 1756 ar
1753 1726 1799 1756 ius
1839 1726 1896 1756 tibi

1392 1776 1461 1795 cum
1478 1765 1532 1794 illa
1544 1766 1630 1795 fuit?
1658 1766 1709 1795 An
1733 1788 1740 1795 .
1755 1765 1786 1795 ii.
1803 1764 1830 1802 1,
1843 1765 1893 1795 25.

1394 1805 1538 1834 Etiamne
1557 1804 1709 1843 amplius?
1736 1803 1817 1834 Eun.
1831 1804 1850 1834 i.
1865 1803 1896 1842 2,

1392 1843 1439 1874 63.
1483 1844 1547 1873 Nec
1573 1844 1617 1872 rei
1644 1843 1707 1873 fere
1733 1853 1807 1873 nne
1830 1852 1896 1872 am-

1388 1882 1470 1920 plius
1494 1883 1659 1920 quicquam
1678 1882 1747 1911 fuit.
1780 1881 1894 1912 Hetnt.

1393 1921 1412 1951 i.
1432 1921 1457 1957 1,
1479 1921 1506 1951 3.
1544 1922 1644 1957 Quam
1658 1920 1771 1951 vellem
1787 1921 1894 1951 invita-

1393 1965 1459 1989 tum
1488 1964 1522 1989 ut
1549 1960 1709 1989 nobiscum
1733 1964 1811 1990 esset
1831 1970 1896 1989 am-

1389 1998 1479 2037 plius.
1512 1999 1626 2029 Heaut.
1648 1999 1669 2029 i.
1694 1998 1724 2036 2,
1754 1997 1798 2029 ll.
1842 1998 1896 2029 An

1393 2038 1527 2115 quiglest
1541 2037 1774 2106 etfffflaz‘plff
1781 2037 1899 2106 av&

1393 2087 1443 2106 am
1478 2087 1531 2106 ms.
1619 2087 1636 2107 e
1693 2100 1700 2106 .
1725 2087 1771 2107 m.
1814 2099 1822 2112 ,
1886 2099 1896 2112 ,

1392 2115 1440 2145 23.
1493 2115 1576 2151 Quid
1608 2087 1717 2145 faciam
1744 2114 1897 2154 amplius?

1395 2153 1525 2193 Adelph.
1547 2155 1587 2184 iv.
1608 2154 1636 2190 7,
1658 2153 1704 2184 14.
1747 2153 1812 2193 Ego
1831 2164 1896 2184 ane-

1388 2192 1471 2230 plius
1510 2192 1743 2222 deliberandum
1778 2200 1898 2223 censeo.

1394 2231 1518 2260 Phorm.
1534 2231 1566 2260 ii.
1583 2232 1612 2267 4,
1629 2231 1674 2266 17.

1431 2270 1486 2308 an]
1506 2270 1625 2307 passim.

1431 2308 1554 2350 ancille]
1577 2309 1628 2338 Ab
1645 2308 1763 2339 Andria
1782 2313 1895 2339 ettam

1391 2346 1462 2376 oilla
1489 2347 1574 2377 haec.
1620 2347 1701 2377 And.
1733 2347 1779 2378 iii.
1810 2347 1838 2386 l,
1865 2347 1893 2378 3.

1393 2386 1474 2415 Cum
1500 2386 1585 2415 Davo
1609 2391 1728 2426 egomet
1747 2387 1811 2416 vidi
1827 2387 1902 2427 jur·-

1391 2430 1512 2461 ⁴cantem
1533 2425 1682 2455 ancillam.
1713 2426 1794 2457 And.
1815 2436 1844 2455 v.
1867 2424 1894 2464 l,

1395 2462 1439 2493 19.
1495 2464 1650 2494 Parasitus
1675 2473 1746 2494 cum
1771 2463 1894 2495 aneilla.

1393 2503 1476 2533 Eun.
1500 2503 1530 2532 ii.
1558 2502 1585 2539 3,
1608 2502 1635 2532 5.
1686 2502 1827 2533 Ancillae
1849 2507 1896 2533 tot

1392 2551 1441 2571 me
1457 2542 1610 2571 vestiant?
1637 2542 1750 2571 Heaut.
1766 2542 1786 2572 i.
1803 2541 1830 2578 1,
1846 2541 1893 2574 78.

1394 2580 1588 2610 Munerarier
1607 2579 1732 2610 ancillas
1750 2581 1894 2619 primum,

1391 2619 1428 2647 ad
1439 2619 1577 2649 dominas
1588 2620 1638 2656 qui
1649 2619 1792 2649 affectunt
1801 2620 1895 2650 viam.

1393 2657 1508 2687 Heaut.
1524 2658 1556 2687 ii.
1573 2657 1602 2693 3,
1616 2657 1665 2694 59,
1679 2657 1726 2688 60.
1762 2658 1895 2697 Sponsae

1391 2701 1517 2731 vestem,
1531 2707 1650 2732 aurum,
1665 2702 1755 2735 atque
1769 2696 1895 2726 ancillas

1391 2745 1408 2763 o
1430 2745 1465 2764 us
1488 2745 1560 2765 esse.
1602 2735 1715 2764 Heaut.
1739 2745 1767 2765 v.
1793 2734 1820 2772 1,
1843 2735 1892 2765 20.

1425 2773 1528 2803 ncillas
1547 2774 1643 2803 dedo:
1670 2773 1806 2812 quolibet
1825 2784 1894 2804 cm-

1390 2815 1470 2883 ‘3³2¹
1486 2813 1747 2880 pezimelgrquire.
1771 2812 1893 2881 Ηειῗιέ

1412 2874 1419 2886 ,
1465 2875 1471 2880 .
1554 2861 1599 2880 nez
1645 2861 1673 2879 m
1693 2861 1761 2880 aere
1779 2861 1827 2880 em

1390 2899 1453 2919 suo.
1478 2889 1600 2918 Phorm.
1617 2890 1661 2919 iii.
1678 2890 1707 2925 2,
1721 2889 1770 2919 26.

1428 2927 1585 2964 ancillula]
1600 2928 1649 2957 Ex
1664 2928 1829 2967 Aethiopia
1837 2938 1892 2957 an—

1388 2966 1533 2996 cilluhzm.
1550 2967 1630 2995 Eun.
1641 2968 1660 2996 i.
1673 2966 1702 3002 2,
1713 2966 1760 2996 86.
1790 2966 1891 3003 Quam

1389 3004 1809 3081 ssfffiqs÷⁰¹¹¹1÷2¹2z.“'“i⁸{““²3
1842 3005 1892 3073 *1¹3⁶

1389 3081 1550 3112 Praeterea
1572 3092 1634 3112 una
1654 3081 1798 3112 ancillula
1818 3087 1892 3112 ent.
