2020 3412
293 261 375 303 fflw

292 372 384 402 subito
399 371 495 401 exitio
518 371 686 401 remedium
710 370 795 400 inve-

997 256 1195 301 INDEX

881 370 1106 408 suffarcinatus]
1127 370 1197 400 Vidi
1213 369 1348 400 Cantha-

293 412 373 440 niam
390 410 504 439 miser?
526 409 649 439 Phorm.
668 411 686 439 i.
703 410 731 445 4,
746 408 793 438 22.
844 418 907 438 mm
932 409 1168 447 suffarcinatum.
1199 409 1281 439 And.
1307 410 1345 438 iv.

332 448 473 485 subtutus]
494 449 573 484 Quia
595 447 720 487 paulum
745 458 793 476 vo·
845 449 874 484 4,
889 445 935 477 31.

294 489 342 517 bis
366 489 487 516 accessit
515 488 669 523 pecuniae,
691 485 798 516 sublati

296 527 391 556 animi
407 531 486 555 sunt.
511 526 589 556 Hec.
608 526 648 554 iii.
665 524 693 561 5,
709 524 756 555 57.

333 564 476 603 sublimis]
515 564 677 594 Sublimem
717 564 798 592 hunc

294 605 376 633 intro
410 613 487 640 rape.
525 603 605 632 And.
637 613 662 631 v.
691 601 720 636 2,
748 601 795 630 20.

293 642 453 672 Sublimem
467 643 604 671 medinm
623 642 796 679 arriperem.

296 680 427 717 Adelph.
445 681 486 709 iii.
503 679 532 714 2,
550 680 592 709 18.

333 719 457 756 subolet]
496 718 539 747 Ut
566 727 603 747 ne
636 716 796 755 paululum

295 758 419 796 quidem
441 756 551 786 subolut
578 765 641 785 esse
669 756 798 784 amicam

295 796 374 825 hanc
389 796 516 824 Cliniae.
542 795 655 824 Heaut.
668 804 696 823 v.
712 793 737 827 l.
749 793 796 823 26.

296 835 381 902 Νιιῐίι
395 835 467 901 ᾳιιόἰᾱ
480 835 552 873 patri
562 832 690 862 subolet?
706 832 796 862 Phor.

296 883 339 902 ιιι.
378 896 385 909 ,
441 895 447 901 .

332 911 490 948 subsentio]
520 910 586 940 Etsi
614 909 740 939 subsensi
767 909 797 938 id

295 949 513 1018 quoquegzillos
527 950 567 981 ibi
587 959 659 978 esse.
683 949 796 978 Heaut.

294 990 337 1019 iii.
356 989 382 1025 l,
397 989 415 1017 6
438 1012 444 1017 .

331 1027 489 1062 subs-emto]
512 1027 571 1062 Tu,
588 1030 623 1055 ut
636 1025 799 1055 subservias

294 1067 434 1102 orationi,
467 1071 624 1104 utcunque
652 1074 726 1102 opus
747 1065 796 1100 sit,

294 1106 395 1134 verbis
412 1105 488 1134 vide.
513 1105 596 1134 And.
614 1105 653 1132 iv.
670 1103 698 1133 3.
713 1102 762 1132 20.

332 1143 512 1181 subsidium]
539 1143 601 1182 Ego
617 1143 648 1171 in
662 1141 799 1171 subsidiis

293 1181 343 1211 hic
350 1192 401 1211 ero
411 1184 660 1211 succenturiatus.
671 1180 796 1209 Phorm.

295 1221 315 1250 i.
332 1222 360 1255 4,
376 1220 423 1250 51.

331 1257 490 1291 substerno]
506 1259 553 1287 Ex
563 1268 614 1287 ara
627 1258 700 1287 hinc
711 1267 797 1286 sume

293 1298 438 1327 verbenae
449 1298 530 1332 ·tibi,
555 1303 645 1335 atque
667 1306 715 1325 eas
733 1296 797 1325 sub-

293 1339 396 1366 sterne.
421 1337 501 1365 And.
519 1337 556 1364 iv.
575 1334 602 1369 3,
619 1334 664 1364 12.

331 1373 441 1413 subs-to]
487 1375 593 1403 Metuo
626 1378 662 1402 ut
694 1373 799 1402 substet

292 1413 409 1450 hospes.
434 1413 515 1442 And.
531 1422 560 1440 v.
577 1411 606 1447 4,
624 1411 668 1441 11.

330 1451 486 1487 subtemen]
527 1451 615 1480 Anus
654 1449 798 1479 subtemen

294 1491 393 1519 nebat.
418 1490 530 1519 Heaut..
546 1490 577 1518 ii.
595 1488 622 1522 3,
637 1488 684 1518 52.

332 1528 489 1566 subtristis]
497 1528 650 1558 Subtristis
660 1528 744 1556 visus
753 1531 798 1556 est

294 1578 358 1597 esse
370 1566 598 1605 aliquantulum
610 1565 695 1595 mihi.
714 1566 798 1595 And.

296 1607 327 1636 ii.
343 1606 371 1636 6.
391 1605 433 1635 16.

331 1645 479 1679 subvenio]
514 1643 598 1673 Huic
631 1648 666 1672 ut
699 1642 796 1672 subve-

293 1683 365 1713 niat.
390 1683 470 1712 Eun.
496 1693 525 1712 v.
549 1683 577 1718 4,
599 1682 647 1713 47.
688 1681 796 1711 Subve-

293 1723 352 1751 nite
377 1723 468 1760 inopi.
494 1721 622 1759 Adelph.
649 1721 681 1749 ii.
713 1719 739 1755 l,
768 1719 794 1748 2.

295 1761 390 1790 Orare
404 1767 438 1789 ut
450 1759 599 1789 subveniat
614 1760 680 1788 sibi.
704 1759 794 1788 Phor.

294 1799 379 1829 Prol.
393 1799 421 1829 8.
462 1798 598 1828 Subveni.
622 1798 746 1827 Phorm.
763 1798 794 1827 ii.

294 1838 323 1874 2,
340 1838 366 1867 6.

332 1877 477 1911 subverto]
499 1876 546 1905 Ne
562 1875 693 1904 nimium
706 1875 797 1904 modo

292 1916 389 1945 bonae
405 1922 473 1944 tuae
491 1915 566 1944 istae
588 1924 643 1943 nos
667 1915 797 1943 rationes

294 1977 301 1983 .
318 1976 349 2022 ,1.
364 1954 539 1984 subvertant.
563 1952 694 1992 Adelph.
717 1962 745 1981 v,
767 1952 796 1989 3,

332 2031 467 2068 succedo]
493 2030 561 2060 Hac
575 2040 636 2059 non
655 2030 795 2065 successit,

293 2070 352 2099 alia
367 2069 575 2108 aggrediemur
589 2069 644 2098 via.
661 2068 744 2098 And.
755 2069 794 2098 iv.

295 2108 322 2145 1,
344 2109 390 2137 46.
434 2109 546 2153 Parum
571 2108 695 2137 succedit
717 2108 796 2146 quod

293 2157 356 2214 ἓξὲξ·
381 2147 464 2214 ἱᾟέ·
479 2146 631 2220 ζῖὶὲὲεῗῗέ,
666 2147 796 2213 ἓῗέὶέῗὲ

276 2246 279 2249 .
293 2223 376 2252 hunc
384 2233 542 2290 {gmamus
552 2224 640 2252 diem.
663 2223 794 2260 Adelph.

293 2263 325 2291 ii.
341 2263 360 2291 4
426 2284 433 2290 .

332 2285 493 2337 su’ccenseo]
513 2299 546 2329 Si
570 2300 600 2328 id
622 2301 793 2328 succenseat.

296 2339 377 2369 And.
392 2339 430 2368 ii:
442 2338 471 2374 3,
485 2337 512 2367 2.
557 2337 613 2366 Est
636 2337 715 2374 quod
733 2347 794 2366 suc-

292 2381 384 2407 censet
412 2377 478 2406 tibi.
513 2376 595 2406 And.
621 2376 653 2404 ii.
683 2375 711 2407 6.
749 2374 794 2408 17.

292 2416 337 2445 Ut
361 2415 438 2445 mihi
459 2425 540 2444 nunc
563 2425 617 2453 ego
638 2424 793 2444 succenseo.

294 2455 407 2484 Heaut.
436 2464 461 2483 ν.
486 2453 511 2489 l,
533 2453 579 2483 42.
622 2452 711 2482 ΝἰΙιίΙ
731 2462 794 2481 suc-

291 2503 398 2523 censeo.
421 2493 534 2522 Heaut.
558 2502 588 2521 v.
601 2491 630 2525 2.
652 2491 699 2521 23.
743 2492 794 2520 An

292 2532 322 2561 id
337 2541 480 2561 succenses
494 2531 574 2560 nunc
593 2530 665 2559 illi?
707 2529 792 2558 Nihil

290 2571 365 2600 fecit
392 2594 398 2600 .
429 2593 436 2600 .
467 2593 473 2599 .
508 2570 587 2608 quod
620 2578 791 2598 succenseas.

294 2609 418 2639 Phorm.
435 2609 465 2638 ii.
483 2607 510 2645 1,
525 2608 574 2643 29,
590 2607 636 2636 33.

331 2647 570 2685 succenturiatus]
592 2646 657 2685 Ego
678 2645 710 2674 in
725 2646 794 2674 sub—

293 2687 379 2716 sidiis
403 2687 450 2715 hic
478 2696 529 2715 ero
555 2685 792 2714 succenturiatus.

294 2726 418 2755 Phorm.
436 2726 455 2754 i.
471 2725 499 2757 4,
515 2723 562 2754 51.

331 2763 481 2801 succurro]
491 2762 729 2792 Succurrendum
739 2765 794 2791 est.

295 2802 426 2841 Adelph.
444 2812 471 2832 v.
488 2802 515 2835 3,
532 2801 559 2831 6.

331 2840 443 2878 succus]
472 2841 589 2878 Corpus
613 2838 742 2868 solidum
765 2842 796 2868 et

292 2879 527 2947 ⁵ffld¹z¹⁶¹¹ffl÷t
539 2878 667 2946 5222,ss
675 2877 795 2945 εἷὶῑῖδὲῑ

292 2966 362 2985 cum
398 2958 407 2985 i
425 2957 453 2985 lo
493 2957 558 2985 ince
580 2960 624 2985 tas
659 2954 793 2985 homine.

294 2994 416 3026 Phorm.
433 2996 471 3024 iv.
487 2994 515 3033 3,
530 2994 550 3023 2
571 3017 577 3024 .

883 486 1004 524 suffero]
1036 487 1086 515 An
1115 491 1149 514 ut
1175 495 1228 524 pro
1257 485 1348 525 hujus

845 525 972 562 peccatis
999 534 1052 562 ego
1077 524 1258 563 supplicium
1285 526 1348 563 suf-

835 563 965 600 feram?
989 565 1069 592 And.
1093 573 1120 592 v.
1146 562 1174 598 3,
1199 562 1243 594 17.
1286 563 1347 592 Vix

845 601 962 638 suffero.
988 601 1100 631 Heaut.
1116 602 1148 631 ii.
1165 602 1193 636 4,
1205 600 1253 631 20.
1295 601 1348 631 Sa-

847 644 944 677 trapes
978 641 1003 668 si
1042 641 1097 669 siet
1125 646 1248 676 amator,
1269 650 1348 669 nun-

848 688 938 715 quam
973 678 1096 715 sufferre
1130 679 1196 717 ejus
1230 684 1348 708 sumtus

847 722 945 754 queat.
970 715 1082 747 Hraut.
1099 717 1143 746 iii.
1160 717 1185 750 l,
1201 717 1248 746 44.

885 755 1020 793 suyyem]
1049 756 1113 785 Cur
1135 760 1169 785 tu
1193 755 1240 785 his
1259 756 1350 785 rebus

847 800 1003 866 suinigt'ym
1030 794 1183 833 stay-ocris?
1215 794 1346 833 Adelph.

847 842 866 861 ι.
905 855 911 868 ,
968 855 974 861 .

885 871 966 908 sum]
991 870 1121 900 Passim.

885 913 1012 944 summu]
1049 909 1096 938 De
1122 919 1239 939 summa
1268 910 1348 939 nihil

846 948 978 977 decedet.
1016 948 1145 987 Adelph.
1175 959 1202 977 v.
1239 948 1267 984 3,
1301 949 1347 979 30.

848 987 899 1015 Ad
925 992 955 1016 te
975 997 1091 1016 summa
1118 987 1228 1022 solum,
1255 987 1349 1016 Phor-

845 1025 918 1093 ῐ2ῃίο,
933 1035 1035 1055 rerum
1057 1026 1146 1055 redit.
1169 1026 1294 1056 Phorm.
1316 1027 1347 1056 ii.

867 1087 874 1099 ,
890 1064 917 1093 3.

882 1102 1062 1140 summoneo]
1090 1102 1274 1132 Sommonuit
1300 1113 1349 1132 me

846 1141 997 1170 Parmeno
1011 1142 1054 1170 ibi
1069 1151 1173 1171 servus
1191 1142 1273 1178 quod
1294 1151 1348 1180 ego

845 1180 967 1217 arripui.
991 1180 1070 1208 Eun.
1087 1180 1130 1208 iii.
1147 1179 1175 1211 5.
1189 1179 1239 1208 22.

883 1219 1031 1262 summus]
1057 1218 1146 1254 Quod
1162 1218 1255 1247 habui
1268 1228 1346 1247 sum-

846 1266 927 1285 mum
953 1264 1085 1295 pretium
1119 1256 1247 1295 persolvi
1282 1258 1344 1286 tibi.

849 1295 928 1324 And.
944 1295 962 1323 i.
982 1294 1009 1330 l,
1037 1294 1082 1324 12.
1127 1296 1254 1324 Unicam
1275 1306 1346 1334 gna-

845 1337 907 1362 tam
932 1343 1017 1362 suam
1045 1343 1113 1362 cum
1142 1334 1212 1363 dote
1231 1344 1346 1363 summa

845 1372 910 1401 filio
925 1381 1049 1401 uxorem
1066 1377 1100 1401 ut
1114 1374 1205 1402 daret.
1230 1373 1312 1402 And.
1325 1373 1345 1402 i.

849 1409 873 1444 l,
902 1411 949 1442 74.
1005 1410 1104 1449 Cujus
1133 1412 1187 1439 tibi
1216 1416 1346 1448 potestas

844 1458 960 1477 summa
983 1450 1121 1478 servandi
1143 1450 1238 1478 datur.
1263 1450 1344 1479 And.

847 1488 889 1516 iii.
919 1486 947 1520 3,
972 1486 1002 1517 9.
1051 1487 1206 1517 Summum
1233 1488 1344 1517 bonum

846 1536 909 1555 esse
925 1526 1012 1555 herae
1026 1527 1128 1564 putavi
1153 1527 1234 1555 hunc
1256 1526 1346 1555 Pam—

845 1564 974 1603 philum.
999 1565 1080 1595 And.
1098 1565 1138 1594 iv.
1153 1564 1180 1600 3,
1194 1564 1222 1594 2.
1265 1565 1345 1594 Cum

845 1613 957 1632 summo
973 1604 1087 1642 probro.
1114 1604 1193 1632 And.
1211 1614 1237 1632 v.
1254 1603 1283 1635 3.
1302 1603 1345 1633 10.

847 1642 938 1670 Pater
964 1643 1080 1671 amicus
1102 1652 1231 1671 summus
1251 1643 1347 1671 nobis.

848 1681 928 1709 And.
944 1691 972 1709 v.
989 1680 1016 1712 6.
1033 1680 1059 1710 6.
1103 1680 1242 1710 Plurima
1251 1680 1348 1710 salute

847 1719 1069 1748 Parmenonem
1092 1729 1237 1749 summum
1259 1729 1346 1748 suum

846 1758 980 1796 impertit
1005 1758 1137 1787 Gnatho.
1163 1759 1239 1787 Eun.
1263 1759 1296 1787 ii.
1318 1758 1347 1795 2,

845 1796 894 1826 40.
919 1803 921 1806 ’
947 1796 1072 1826 Summa
1105 1797 1201 1826 forma
1234 1807 1350 1835 semper

846 1844 1020 1864 conservam
1032 1836 1114 1864 domi
1126 1836 1248 1864 videbit.
1267 1835 1346 1864 Eun.

846 1874 877 1903 ii.
909 1874 937 1909 3,
961 1874 1008 1904 74.
1051 1874 1111 1910 Qui
1140 1874 1252 1912 templa
1273 1873 1348 1903 caeli

845 1922 961 1941 summa
975 1913 1078 1941 sonitu
1099 1914 1242 1942 concutit.
1266 1912 1347 1942 Eun.

846 1952 888 1979 iii.
916 1951 944 1987 5,
968 1951 1015 1980 42.
1058 1950 1200 1980 Clamore
1224 1961 1346 1981 summo.

849 1990 960 2019 Heaut.
1004 1989 1086 2019 Prol.
1122 1989 1169 2019 40.
1223 1990 1350 2028 Propter

847 2038 934 2066 quam
951 2029 982 2057 in
997 2038 1112 2057 summa
1127 2029 1255 2058 infamia
1269 2039 1346 2058 sum.

847 2067 957 2096 Heaut.
974 2068 1004 2096 ii.
1021 2068 1050 2103 3,
1064 2066 1107 2096 18.
1138 2067 1158 2096 J
1162 2078 1195 2096 us
1203 2077 1348 2096 summum

847 2115 932 2143 saepe
971 2115 1087 2134 summu
1126 2105 1243 2135 malitia
1292 2110 1346 2135 est.

848 2144 961 2173 Heaut.
987 2144 1026 2173 iv.
1053 2143 1081 2180 5,
1104 2144 1150 2173 48.
1194 2145 1225 2173 le
1245 2149 1348 2173 nostro

847 2182 966 2212 Simulo
981 2183 1040 2211 fuit
1053 2192 1190 2212 summus.
1215 2182 1346 2219 Adelph.

847 2221 888 2249 iii.
903 2221 932 2254 2,
953 2221 999 2249 54.
1041 2221 1167 2250 Summa
1190 2221 1221 2249 vi
1243 2221 1345 2250 defen-

845 2259 912 2286 dam
935 2258 1019 2287 hanc.
1045 2259 1174 2295 Adelph.
1197 2260 1237 2287 iii.
1254 2260 1281 2293 4,
1297 2259 1344 2290 47.

846 2297 973 2325 Amicus
981 2307 1110 2325 summus
1117 2307 1208 2326 meus.
1221 2297 1344 2326 Phorm.

845 2335 863 2364 i.
884 2334 908 2365 l.
926 2334 957 2368 12
978 2345 1006 2364 v.
1024 2336 1052 2370 8,
1067 2335 1113 2365 60.
1141 2336 1266 2365 Summa
1281 2335 1346 2365 elu-

844 2373 934 2402 dendi
959 2375 1073 2403 occasio
1097 2379 1142 2403 est
1166 2374 1243 2404 mihi
1264 2384 1345 2404 nunc

844 2422 937 2442 senes.
961 2411 1083 2442 Phor-m.
1108 2422 1134 2441 v.
1151 2413 1179 2448 6,
1193 2412 1241 2442 45.
1285 2413 1344 2442 Pro

845 2450 993 2479 maleficio
1017 2451 1041 2480 si
1064 2452 1243 2480 beneficium
1266 2462 1342 2480 sum-

842 2499 923 2556 mugae
933 2489 1046 2556 &lunt
1064 2491 1196 2519 reddere.
1219 2490 1341 2519 Phorm.

844 2537 874 2556 11.
912 2551 917 2558 .
975 2552 979 2556 .

880 2567 979 2604 sumo]
1014 2567 1117 2602 Quum
1153 2577 1214 2596 non
1248 2567 1344 2596 habeo

843 2606 971 2642 spatium
987 2610 1022 2633 ut
1035 2605 1072 2634 de
1092 2611 1121 2634 te
1139 2615 1256 2634 sumam
1276 2616 1344 2641 sup—

842 2643 976 2682 plicium.
1002 2643 1081 2672 And.
1099 2645 1139 2672 iii.
1155 2644 1184 2677 5,
1208 2643 1252 2675 17.
1296 2645 1344 2673 Ex

843 2692 893 2711 ara
914 2681 985 2710 hinc
1008 2691 1088 2710 sume
1110 2683 1253 2712 verbenas
1275 2683 1341 2712 tibi.

845 2721 926 2750 And.
942 2721 981 2749 iv.
999 2719 1026 2754 3,
1044 2719 1087 2749 ll.
1131 2720 1219 2756 Quod
1233 2722 1261 2749 in
1275 2732 1343 2759 ope-

843 2769 875 2788 re
901 2759 1038 2788 faciendo
1063 2768 1168 2796 operae
1190 2761 1343 2789 consumis

846 2805 914 2827 tuae
927 2798 952 2827 si
966 2807 1066 2827 sumas
1080 2798 1110 2825 in
1126 2797 1186 2826 illis
1201 2807 1343 2828 exercen-

844 2837 900 2872 dis,
914 2835 982 2874 plus
996 2845 1071 2874 agas.
1095 2835 1206 2865 Heaut.
1223 2837 1241 2864 i.
1258 2836 1282 2870 l,
1294 2837 1341 2866 ⁴22.

843 2875 960 2909 Sumat,
970 2879 1135 2908 consumat.
1149 2875 1261 2912 perdat.
1280 2875 1343 2904 He—

844 2918 905 2943 aut.
922 2914 964 2943 iii.
989 2913 1014 2950 l,
1038 2912 1084 2941 56.
1128 2913 1254 2942 Frustra
1274 2923 1342 2951 ope·

844 2962 908 2981 ram
927 2953 1033 2990 opinor
1052 2961 1142 2980 sumo.
1166 2951 1278 2980 Heaut.
1302 2954 1340 2981 iv.

845 2991 873 3028 3,
889 2989 933 3020 15.
971 2990 1054 3021 Eum
1067 2989 1117 3019 hic
1130 2989 1232 3019 locum
1242 2991 1344 3020 sumsit

1397 370 1455 401 sibi
1489 371 1520 401 in
1557 369 1722 410 Adelphos.
1764 370 1898 412 Adelph.

1397 409 1479 439 Prol.
1499 409 1542 439 10.
1585 409 1725 440 Hilarem
1747 409 1831 440 hune
1849 420 1898 443 α,-

1397 458 1513 477 mamus
1537 449 1627 478 diem.
1652 448 1786 488 Adelph.
1811 449 1843 478 ii.
1867 449 1898 484 4,

1396 486 1445 516 23.
1483 487 1533 517 cf.
1562 497 1590 517 v.
1616 486 1644 523 3,
1669 486 1715 516 68.
1759 486 1809 517 Ex
1828 486 1899 517 alii·

1395 535 1508 554 sumere
1515 525 1631 564 exempl
1636 535 1689 559 um,
1695 525 1884 565 sibi.Adelph
1889 547 1897 556 .

1398 564 1439 593 iii.
1464 563 1492 601 3,
1518 563 1564 594 62.
1608 566 1636 594 A
1663 574 1713 595 me
1737 568 1899 603 amentum

1397 603 1502 639 quanti
1518 608 1563 632 est
1575 603 1690 633 sumito.
1715 602 1795 633 Adel
1815 602 1845 633 h.
1866 612 1896 632 v.

1396 641 1425 676 9,
1449 641 1497 671 20.
1520 641 1644 671 Phorm.
1667 641 1700 671 ii.
1718 640 1745 678 l,
1769 641 1788 672 6
1810 663 1818 671 .
1859 640 1898 671 In

1397 680 1575 709 deterrendo
1595 679 1757 719 voluissem
1778 691 1796 709 ο
1833 689 1899 710 ram

1396 728 1518 748 sumere.
1553 718 1629 748 Hec.
1655 718 1719 748 Alt.
1743 718 1804 748 Pro
1851 717 1897 750 17.

1399 757 1502 786 Coena
1528 758 1621 787 dubia
1647 758 1814 796 apponitur.
1856 756 1896 787 G.

1399 796 1480 832 Quid
1498 797 1574 826 istuc
1589 796 1670 826 verbi
1686 797 1756 826 est?
1783 796 1817 826 P.
1834 795 1898 825 Ubi

1400 840 1432 863 tu
1448 835 1567 864 dubites
1591 835 1664 873 quid
1685 844 1785 864 sumas
1804 834 1898 873 poti·-

1398 873 1520 902 simum.
1533 872 1656 902 Phorm.
1673 874 1704 903 ii.
1715 872 1744 909 2,
1755 872 1802 902 29.
1827 871 1899 903 Ali-

1399 920 1472 950 quot
1487 912 1542 941 hos
1554 921 1670 941 sumam
1684 912 1755 942 dies.
1771 911 1897 942 Pham.
1949 937 1954 940 .

1398 960 1425 979 v.
1442 949 1470 980 5.
1485 950 1512 980 4.

1437 989 1616 1027 sumtuosus]
1640 988 1712 1018 Men
1724 993 1770 1018 eet
1783 992 1900 1026 potans,

1399 1036 1518 1065 procax,
1545 1027 1714 1066 magnifica.
1737 1030 1897 1063 amaon,

1399 1066 1516 1096 nobilis.
1539 1066 1651 1096 Heaut.
1661 1066 1691 1095 ii.
1709 1064 1737 1102 1,
1754 1065 1798 1095 15.
1834 1068 1898 1097 Do-

1397 1114 1466 1172 Eus
1478 1109 1636 1134 sumtuosa.
1659 1104 1790 1143 Adelph.
1806 1105 1846 1134 iv,
1868 1104 1898 1140 7¹,

1435 1184 1558 1216 sumtus]
1580 1180 1722 1211 Nimium
1745 1191 1833 1227 perce
1853 1180 1898 1211 fi·

1397 1230 1464 1249 cere
1477 1224 1613 1249 sumtum.
1636 1220 1719 1249 And.
1743 1220 1774 1250 ii.
1797 1218 1827 1256 6,
1850 1217 1896 1249 19.

1398 1258 1441 1287 Ut
1455 1265 1507 1287 tuo
1521 1259 1616 1287 amori
1631 1258 1819 1297 suppeditare
1833 1267 1900 1296 poo-
1943 1279 1949 1283 -

1397 1297 1437 1326 sit
1451 1298 1515 1326 sine
1529 1301 1626 1326 sumtu
1641 1303 1703 1326 tuo.
1727 1296 1808 1327 Eun.
1823 1306 1853 1327 v,
1868 1296 1898 1333 8,

1396 1335 1443 1364 46.
1485 1336 1606 1365 Sumtus
1618 1336 1702 1365 domi
1724 1340 1824 1365 tantos
1880 1344 1903 1365 ο,

1397 1373 1479 1403 solus
1493 1374 1624 1403 faciam?
1645 1373 1756 1403 Heaut.
1773 1374 1792 1403 i.
1810 1344 1896 1409 15&-

1398 1413 1496 1451 Opere
1511 1413 1623 1442 rustico
1645 1412 1786 1442 fiwiundo
1808 1411 1901 1442 facile
1931 1444 1939 1452 .

1395 1454 1522 1480 sumtum
1574 1455 1752 1481 exercerent
1797 1460 1900 1480 suum.

1399 1489 1502 1519 Heaut
1517 1491 1536 1519 i.
1554 1489 1580 1526 l,
1595 1489 1642 1519 91.
1684 1489 1837 1520 Pmebent
1845 1498 1898 1518 ex-

1399 1529 1466 1565 igue
1480 1532 1615 1558 sumtum.
1639 1528 1751 1558 Heaut.
1766 1529 1789 1558 i.
1802 1527 1832 1564 2,
1847 1527 1894 1558 33.

1398 1567 1537 1604 Sperabit
1562 1570 1688 1597 sunctum
1719 1567 1776 1596 sibi
1803 1575 1899 1597 senex

1396 1605 1533 1634 levatum
1559 1615 1632 1636 esse.
1665 1605 1777 1636 Haut.
1802 1606 1843 1635 iv.
1867 1605 1898 1642 4,

1396 1643 1443 1673 24.
1486 1644 1566 1673 Cum
1582 1644 1710 1674 tolerare
1723 1643 1898 1674 inimum·

1397 1686 1442 1711 tus
1462 1693 1523 1712 non
1545 1687 1643 1721 queat.
1668 1683 1780 1712 Heaut.
1801 1683 1846 1712 iii.
1867 1682 1900 1717 2,

1399 1721 1444 1750 33.
1468 1721 1515 1750 Cf.
1532 1722 1576 1751 iii.
1594 1720 1620 1754 l.
1634 1723 1681 1751 44.
1712 1721 1773 1750 Ubi
1783 1721 1902 1756 videbit.-

1399 1765 1496 1789 tantos
1511 1760 1567 1791 sibi
1581 1764 1692 1789 sumtus
1704 1760 1786 1790 domi
1798 1760 1898 1799 quoti-

1398 1799 1486 1827 diano
1509 1799 1582 1829 fieri.
1613 1798 1727 1828 Heaut.
1755 1799 1797 1829 ἰν.
1817 1798 1848 1834 5,
1867 1798 1900 1829 6.

1399 1837 1432 1866 Si
1480 1836 1529 1866 illi
1570 1847 1660 1876 pergo
1707 1836 1898 1876 suppeditare

1397 1875 1545 1905 sumtibus.
1581 1876 1692 1905 Heaut.
1727 1885 1754 1905 v,
1788 1875 1814 1912 l,
1848 1875 1897 1910 57.

1399 1914 1465 1943 Cur
1478 1920 1511 1944 tu
1526 1914 1573 1943 his
1587 1915 1676 1944 rebus
1687 1918 1813 1944 sumum
1829 1924 1898 1953 sug-

1397 1953 1498 1991 geris?
1521 1952 1651 1991 Adelph.
1666 1953 1685 1982 i.
1703 1951 1731 1989 l,
1745 1953 1790 1984 37.
1834 1952 1900 1983 De-

1398 1992 1443 2020 dit
1455 1997 1607 2030 praeterea
1620 1993 1652 2021 in
1665 1995 1794 2021 sumtum
1806 1991 1899 2022 dimi—

1397 2030 1484 2059 dium
1508 2031 1618 2060 minae.
1641 2029 1773 2068 Adelph.
1797 2030 1841 2060 iii.
1867 2029 1898 2067 3,

1401 2067 1445 2097 16.
1487 2068 1551 2098 Sibi
1565 2072 1695 2098 sumtum
1708 2069 1789 2099 fecit.
1805 2068 1896 2099 Adel.

1398 2117 1424 2136 v.
1441 2107 1470 2142 4,
1487 2106 1531 2136 ll.
1567 2107 1665 2136 Paulo
1677 2110 1781 2137 sumtu.
1804 2106 1897 2137 Adel.

1397 2155 1424 2174 v.
1449 2146 1477 2181 4,
1501 2145 1549 2175 22.
1589 2144 1727 2176 sumtum
1747 2146 1896 2177 admittet.

1400 2184 1528 2222 Adelph.
1557 2194 1585 2213 v.
1614 2183 1643 2220 7,
1672 2183 1719 2214 15.
1758 2183 1898 2214 Sumtum

1397 2222 1453 2250 filii
1469 2232 1558 2260 quem
1573 2222 1700 2252 faciunt.
1723 2222 1854 2261 Adelph.
1866 2232 1896 2253 v.

1397 2259 1424 2296 3,
1439 2259 1485 2289 21.
1527 2260 1649 2290 Sumtus
1662 2265 1774 2293 vestros
1785 2263 1897 2291 otium-

1396 2303 1684 2366 ‘ii'e‘Zu‘n'mf‘ssam
1714 2306 1810 2367 affl
1823 2300 1899 2369 ⁹32³&

1396 2376 1490 2404 fecisti
1507 2376 1538 2405 in
1553 2386 1628 2406 cam.
1652 2375 1728 2406 Hoc.
1745 2377 1785 2406 iv.
1803 2349 1895 2411 4563.

1395 2414 1468 2443 Sine
1488 2418 1593 2444 sumtu.
1616 2414 1739 2444 Phorm.
1764 2416 1783 2444 i.
1799 2414 1828 2451 3,
1848 2414 1895 2445 16.

1399 2452 1438 2481 Et
1459 2462 1530 2482 curn
1549 2459 1581 2482 et
1598 2457 1698 2482 sumtu
1716 2454 1896 2484 absumitur.

1395 2491 1518 2520 Phorm.
1548 2492 1580 2520 ii.
1607 2491 1636 2528 2,
1657 2491 1704 2521 26.
1747 2493 1831 2530 Opus
1850 2496 1900 2524 est

1394 2534 1489 2597 {wg‘ju
1504 2530 1541 2559 ad
1555 2531 1682 2569 nuptias.
1706 2530 1831 2560 Phorm.
1853 2531 1894 2561 iv.

1416 2592 1423 2604 ’
1432 2606 1571 2645 Sunium]
1583 2607 1750 2653 Abi-eptam
1764 2617 1780 2636 e
1789 2605 1895 2638 Sunio.

1397 2645 1511 2712 Eu5u.9i.
1526 2645 1556 2682 2,
1572 2646 1628 2683 35;
1645 2645 1728 2682 11ι.3,
1740 2645 1786 2676 13.
1801 2645 1894 2676 Phor.

1394 2694 1421 2712 v.
1459 2707 1467 2719 ,
1503 2707 1509 2713 .

1432 2723 1498 2757 suo]
1522 2723 1570 2752 Ne
1594 2723 1667 2761 quid
1691 2732 1744 2752 suo
1767 2725 1895 2754 amca-

1394 2761 1459 2798 piti.
1483 2761 1607 2790 Phorm.
1625 2762 1668 2790 iii.
1683 2760 1712 2795 2,
1728 2760 1755 2790 6.

1431 2799 1572 2836 supellex]
1599 2799 1782 2837 Supelleaile
1821 2809 1896 2837 opus

1393 2842 1446 2866 est.
1470 2837 1592 2866 Phorm.
1609 2838 1648 2866 iv.
1665 2837 1694 2873 3,
1708 2837 1755 2867 61.

1431 2875 1568 2913 superbe]
1590 2875 1668 2904 Setis
1681 2875 1801 2913 superbe
1821 2875 1894 2906 illu-

1393 2914 1462 2942 ditis
1475 2924 1533 2943 me.
1559 2914 1682 2943 Phorm.
1699 2924 1725 2943 v.
1739 2913 1767 2950 7,
1781 2914 1829 2943 22.

1430 2952 1578 2990 superbia]
1600 2953 1738 2988 Quorum
1753 2962 1842 2991 opere
1861 2953 1893 2982 in

1393 2990 1484 3028 bello,
1499 2992 1530 3020 in
1545 2992 1618 3029 otio,
1633 2992 1664 3020 in
1685 2992 1817 3031 negotio,
1837 3001 1893 3022 ωο
