2020 3412
291 256 373 299 634

288 369 345 398 tibi
369 369 406 398 ad
435 368 651 399 Menedemum
678 373 733 406 est,
759 373 790 399 et

288 412 340 436 tua
360 417 468 446 pompa
483 419 519 437 eo
537 408 721 437 traducenda
734 414 789 438 eet.

289 445 430 475 Ancillas
444 456 549 476 omues
561 447 720 476 Bacchidis
728 450 790 476 tra-

286 485 358 514 duce
400 485 458 514 huc
493 485 531 515 ad
565 495 616 515 vos
656 495 788 524 propere.

288 523 402 553 Heaut.
426 524 467 554 iv,
492 525 520 560 4,
546 523 591 560 18,
617 523 673 560 223
697 525 737 554 iv.
761 524 789 560 3,

286 562 333 591 44.
385 561 519 592 Traduce
546 567 577 592 et
604 568 732 592 matrem
760 567 790 592 et

285 600 435 630 familiam
450 611 570 630 omnem
586 602 623 631 ad
638 611 700 631 nos.
741 601 789 631 Tu

285 637 354 668 illas
373 640 423 668 abi
444 646 474 668 et
494 640 624 670 traduce.
658 639 788 679 Adelph.

286 687 315 707 v.
332 677 359 711 7,
377 677 423 714 12,
440 677 484 707 19.

323 716 514 755 tranquillas]
547 716 608 752 Qui
631 726 679 745 me
700 716 790 746 hodie

285 764 324 784 ex
337 755 581 794 tranquillissima
591 765 622 784 re
632 755 788 793 conjecisti

286 793 318 822 in
347 796 474 829 nuptias.
514 794 591 822 And.
621 794 663 823 iii.
689 793 718 828 5,
743 793 787 824 14.

287 831 360 860 Meo
370 832 451 860 fratri
461 832 574 870 gaudeo
583 842 647 861 esse
656 842 787 862 amorem

285 880 407 900 omnem
423 872 454 899 in
469 870 638 909 tranquillo.
664 871 742 901 Eun.
758 881 787 900 v,

284 908 313 945 8,
337 908 364 938 8.
416 909 526 938 Adhuc
552 913 620 938 tran
662 908 716 938 icta
743 920 789 939 res

284 952 337 977 est.
361 947 483 976 Phorin.
500 948 544 976 iii.
563 947 589 982 l,
607 919 661 976 13¹.l

322 989 506 1021 transcurro]
540 986 623 1015 Dum
645 996 699 1036 ego
718 986 788 1016 hinc

283 1027 455 1092 ἒναῖηὲοιιννο
469 1025 507 1055 ad
517 1025 626 1055 forum.
651 1026 731 1055 hun.
745 1026 785 1056 iv.

304 1086 312 1100 '
321 1101 461 1141 transdo]
493 1102 658 1131 Retrahere
672 1103 710 1131 ab
724 1107 786 1132 stu-

283 1141 344 1176 dio,
359 1148 388 1170 et
402 1141 554 1170 transdere
574 1141 731 1170 hominem
753 1142 786 1170 in

283 1180 389 1209 otium.
414 1179 536 1208 Phorm.
552 1179 632 1208 Prol.
648 1179 676 1209 2.

321 1221 439 1247 transeo
500 1218 621 1247 Amabo
648 1222 685 1246 ut
711 1216 785 1248 illuc

281 1259 416 1286 transeas
430 1266 448 1285 u
473 1257 483 1285 i
499 1256 553 1285 illa
565 1261 619 1285 est.
643 1256 723 1285 Eun.
740 1257 783 1286 iii.

281 1294 310 1329 3,
342 1295 388 1325 31.
445 1295 672 1324 Transeundum
702 1305 785 1324 nunc

282 1333 339 1362 tibi
385 1334 422 1363 ad
470 1333 688 1362 Menedemum
729 1338 783 1364 est.

283 1371 394 1401 Heaut.
419 1372 458 1401 iv.
484 1373 512 1407 4,
538 1371 583 1405 17.
626 1371 681 1400 Est
704 1373 784 1410 quod

281 1420 331 1439 me
358 1411 487 1439 transire
518 1411 555 1439 ad
590 1410 687 1439 forum
719 1411 782 1449 jam

280 1454 423 1486 oporteat.
435 1449 511 1478 Hec.
525 1449 555 1477 ii.
567 1448 597 1485 2,
608 1447 655 1478 31.
675 1448 785 1478 Trans-

279 1487 321 1516 ito
335 1488 371 1516 ad
385 1497 512 1517 uxorem
527 1497 636 1516 meam.
658 1487 783 1517 Phorm.

280 1527 320 1555 iv.
350 1525 379 1562 5,
407 1526 435 1560 7.
493 1526 604 1555 Transi
629 1526 715 1555 sodes
746 1527 784 1555 ad

279 1565 389 1594 forum.
412 1564 535 1594 Phorm.
552 1574 580 1594 v.
597 1564 624 1601 7,
639 1564 686 1594 28.

318 1606 402 1632 trans
416 1603 480 1641 ero]
522 1604 558 1632 ln
581 1603 725 1632 Andriam
746 1613 784 1632 ex

281 1606 440 1671 Perintinfia
460 1642 572 1671 fatetur
592 1641 782 1671 transtulisse.

281 1679 362 1710 And.
376 1680 457 1710 Prol.
473 1680 516 1713 14.
560 1680 689 1719 Culpam
706 1681 737 1709 in
753 1685 783 1710 te

279 1720 445 1758 transferet.
469 1719 549 1748 And.
561 1720 592 1748 ii.
605 1720 632 1754 3,
642 1718 670 1748 5.
704 1719 783 1755 Quia

279 1758 363 1786 enim
395 1759 427 1787 in
460 1757 541 1787 hune
575 1758 703 1794 suspicio
738 1762 783 1787 est

279 1797 426 1826 translata
449 1797 567 1825 amoris.
601 1796 715 1826 Heaut.
741 1796 781 1826 iv.

279 1834 308 1871 5,
342 1835 389 1864 53.
449 1835 624 1871 Maledicta,
659 1835 781 1871 famam,

279 1883 383 1903 meum
408 1884 554 1909 amorem,
574 1880 604 1902 et
645 1881 780 1904 eccatum

279 1912 311 1940 in
327 1922 357 1942 se
371 1912 530 1941 transtulit.
559 1912 626 1941 Ade
643 1911 689 1950 ph.
705 1913 736 1941 ii.
753 1912 781 1949 3,

280 1949 325 1980 10.
369 1951 442 1980 Huc
464 1950 615 1980 transtulit
635 1960 779 1981 amorem.

279 1989 355 2018 Hec.
371 1990 391 2018 i.
407 1989 436 2024 2,
450 1989 496 2018 94.

316 2028 462 2066 transigo]
503 2028 606 2060 Facta.
628 2030 781 2057 transacta

277 2068 389 2096 omnia.
423 2067 508 2096 And.
525 2068 543 2096 i.
559 2066 588 2102 5,
604 2065 649 2095 13.
693 2066 781 2095 Intus

277 2106 464 2144 transiyetur,
487 2106 511 2134 si
536 2105 610 2143 quid
634 2110 679 2134 est
700 2105 780 2143 qnod

276 2149 378 2173 restet.
403 2145 481 2173 And.
499 2145 566 2178 v.6,
580 2143 625 2175 17.
670 2143 781 2172 Trans-

276 2185 346 2210 acta
372 2192 413 2211 re.
457 2182 586 2220 Adelph.
616 2182 648 2210 ii.
678 2183 706 2216 4,
731 2181 778 2211 22.

277 2220 363 2249 Inter
376 2230 407 2249 se
420 2221 585 2256 transiyant
601 2220 666 2264 ipsi.
702 2220 779 2250 Hec.

276 2258 322 2287 iii.
336 2258 367 2294 5,
381 2258 428 2288 61.
473 2258 636 2295 Transeyz:
653 2258 779 2288 Phorm.

278 2306 304 2327 v.
321 2296 340 2326 3
365 2296 391 2326 6.

314 2320 510 2372 tr'wsmoveo]
545 2334 661 2363 Labore
679 2333 779 2363 alieno

275 2378 561 2450 ΕΞἯᾘἝῪἛ.
570 2372 778 2440 312533ηοὶῖῖ

277 2450 358 2481 Eun.
374 2451 417 2480 iii.
437 2450 463 2485 1,
481 2449 525 2479 10.

314 2489 419 2527 tremo]
444 2489 539 2517 Totus
552 2491 644 2517 tremo
659 2487 778 2517 horreo-

276 2537 344 2566 que.
369 2528 450 2557 Eun.
465 2528 483 2556 i.
499 2526 529 2563 2,
545 2527 572 2556 4.

314 2566 465 2601 tremulus]
495 2565 776 2600 1ncurvus,tremn-

274 2604 328 2641 lus,
358 2605 443 2633 labiis
470 2604 617 2639 demissis,
644 2613 775 2642 gemens.

275 2643 355 2672 Eun.
372 2644 402 2671 ii.
418 2642 447 2677 3,
461 2643 508 2672 44.

313 2682 446 2719 trepido]
504 2680 586 2716 Quid
620 2680 776 2718 trepidas?

275 2719 355 2749 Eun.
378 2730 406 2749 v.
426 2722 456 2755 5,
474 2719 503 2748 8.
540 2718 670 2757 Adelph.
686 2719 731 2748 iii.
746 2719 775 2755 2,

273 2758 320 2788 25.
365 2758 527 2796 Trepidari
545 2758 651 2791 sentio,
666 2762 697 2786 et
710 2768 776 2787 cur-

273 2799 462 2865 tiargursum
473 2806 618 2835 prorsum.
643 2796 719 2826 Hec.
729 2797 774 2826 iii.

294 2859 436 2911 ’tr—itastis]
473 2872 569 2902 Estne
593 2872 641 2902 hic
666 2872 774 2910 Hegio,

271 2912 389 2941 tribulis
414 2913 538 2941 noster?
573 2911 704 2949 Adelph.
729 2911 772 2941 iii.

293 2973 459 3026 ''n-iduum]
488 2987 581 3017 Bidui
596 2992 641 3018 eet
654 2992 707 3017 aut
719 2988 772 3017 tr'i-

997 256 1194 301 INDEX

839 369 896 400 dui
906 369 981 400 haee
994 370 1175 400 sollicitudo.
1213 370 1294 400 And.
1309 370 1341 401 ii.
1391 371 1473 407 Qum
1493 372 1595 411 turbas
1613 373 1714 404 dedit!
1747 374 1829 407 Eun.
1846 376 1887 407 iv.

840 408 868 445 6,
891 408 919 439 9.
963 409 1097 439 Tandem
1126 419 1187 439 non
1214 419 1268 447 ego
1289 409 1343 439 illa
1391 410 1419 446 3,
1445 409 1490 440 11.
1533 411 1668 448 Quanta·
1694 413 1797 444 turbae
1820 424 1894 446 eun·-

839 457 966 482 eareem,
981 450 1004 477 si
1021 449 1061 477 sit
1075 458 1158 487 opus,
1174 447 1222 477 vel
1244 453 1342 478 totum

838 486 994 516 triduum?
1018 487 1096 516 Eun.
1109 487 1140 517 ii.
1157 486 1241 521 1‚17.
1274 487 1342 516 Tri-

838 525 897 554 duo
913 525 968 555 hoe
982 531 1133 564 perpetuo,
1157 525 1287 564 Adelph.
1299 526 1340 555 iv.

843 563 868 598 1.
882 564 910 593 4.
954 564 1079 602 Nequeo
1100 569 1129 593 te
1150 573 1284 601 exmure,
1307 570 1342 594 ut

839 611 961 631 maneae
972 602 1105 631 triduum
1116 602 1195 639 hoc?
1216 602 1340 633 Phorm.

840 640 882 669 iii.
894 640 923 674 2,
933 641 961 670 5.
1004 641 1091 677 Quod
1105 642 1128 669 si
1140 641 1188 670 hic
1197 642 1343 680 potuisset

839 679 992 746 exuam-ier
1004 680 1138 709 triduum
1152 681 1216 710 hoc.
1248 680 1340 710 Phor.

840 717 884 746 iii.
922 741 928 753 ‚
944 718 971 747 3.

877 757 1047 791 triennium]
1098 757 1220 787 Abhinc
1253 758 1342 787 trien-

838 795 928 823 nium.
954 795 1032 824 And.
1048 795 1067 824 i.
1086 794 1112 831 1,
1127 795 1174 825 42.

877 834 981 867 tristis]
1005 833 1110 862 Tristis
1124 835 1255 870 interim,
1266 845 1339 864 non-

838 881 902 900 nun
927 882 994 901 uam
1006 872 1238 903 collacrimabat.
1259 874 1339 903 And.

838 910 857 938 i.
872 909 899 946 l,
934 909 956 940 l.
997 911 1250 941 Tristisseveritas
1263 913 1342 942 inest

838 949 870 977 in
881 949 980 978 vultu.
1004 950 1084 979 And.
1097 960 1124 979 v.
1137 950 1166 985 2,
1180 949 1223 980 16.
1258 952 1340 987 Quid

838 993 871 1016 tu
885 997 916 1016 ee
929 988 1030 1024 tristis,
1066 989 1155 1018 uidve
1166 999 1197 1018 es
1211 989 1318 1019 alacris
1327 991 1341 1019 Ρ

838 1025 919 1055 Eun.
942 1026 972 1055 ii.
996 1027 1024 1064 3,

836 1065 927 1094 trustis
954 1070 1006 1094 est.

838 1103 902 1141 Ego
921 1103 973 1133 ille
991 1105 1124 1142 agrestis.
1143 1115 1258 1140 saevus,
1273 1106 1339 1135 trie-

835 1143 881 1175 tis,
897 1152 1011 1179 parcus.
1024 1142 1225 1180 truculentus,
1239 1151 1337 1173 tenax.

837 1180 967 1218 Adelph.
984 1191 1012 1210 v.
1029 1182 1057 1217 4,
1075 1180 1119 1210 12.

874 1219 1008 1254 tristitia]
1024 1219 1066 1248 Ut
1073 1220 1165 1249 sciam
1175 1221 1338 1258 numquid-

834 1266 905 1286 nam
921 1257 992 1287 haec
1009 1258 1112 1288 turbae
1130 1259 1252 1288 tristitia
1265 1260 1337 1288 affe-

835 1301 890 1324 rat.
915 1296 996 1325 And.
1012 1297 1030 1325 i.
1047 1297 1075 1332 4,
1090 1296 1117 1326 8.

873 1335 1015 1370 tristities]
1051 1335 1170 1365 Omitte
1186 1345 1255 1365 vero
1269 1337 1337 1365 tris-

833 1372 926 1401 titiem
941 1378 1033 1402 tuam.
1058 1373 1187 1412 Adelph.
1203 1375 1234 1403 ii.
1251 1375 1280 1410 4,
1295 1374 1321 1404 3.

872 1410 1040 1450 triumpho]
1089 1412 1124 1441 ld
1156 1423 1226 1442 vero
1259 1414 1336 1442 serio

832 1449 1003 1486 triumphat.
1056 1450 1137 1480 Eun.
1169 1451 1213 1480 iii.
1250 1450 1275 1487 1,
1308 1453 1334 1481 4.

837 1487 997 1526 Triumpho
1027 1489 1051 1517 si
1079 1488 1152 1518 licet
1181 1499 1231 1518 me
1257 1494 1336 1520 tecto

833 1525 926 1555 latere
940 1527 1105 1557 abscedere.
1129 1528 1241 1557 Heaut.
1257 1529 1296 1558 iv.
1307 1529 1337 1566 2,

833 1563 860 1594 5.
904 1564 975 1594 Non
995 1566 1143 1603 triumpho
1163 1576 1201 1595 ex
1222 1568 1337 1605 nuptiis

833 1604 892 1632 tuis
913 1604 936 1632 si
958 1603 1035 1633 nihil
1059 1606 1216 1635 nanciscor
1239 1605 1338 1636 mali?

833 1641 955 1671 Phorm.
974 1643 1016 1671 iii.
1033 1642 1060 1674 3.
1080 1643 1122 1672 10.

871 1681 1062 1719 truculentus]
1094 1682 1159 1721 Ego
1173 1681 1226 1712 ille
1240 1693 1333 1721 agres-

833 1719 880 1755 tis,
895 1729 1011 1755 saevus,
1028 1721 1129 1757 tristis,
1146 1731 1259 1759 parcus,
1273 1725 1335 1751 tru-

831 1757 969 1825 elngentus,
984 1763 1085 1789 tenax.
1116 1759 1247 1798 Adelph.
1265 1771 1290 1790 v.
1306 1762 1335 1797 4,

871 1834 976 1874 trudo]
1008 1835 1142 1865 Fallacia
1164 1836 1224 1866 alia
1243 1837 1335 1866 aliam

831 1874 934 1903 trudit.
965 1874 1047 1903 And.
1071 1877 1110 1904 iv.
1132 1875 1162 1910 4,
1177 1876 1224 1905 40.
1267 1876 1336 1912 Quo

831 1912 950 1942 trmlis?
971 1913 1133 1951 perculeris
1144 1914 1209 1953 jam
1227 1919 1261 1944 tu
1275 1924 1334 1944 me.

833 1950 913 1980 Eun.
930 1951 962 1979 ii.
979 1951 1006 1985 3,
1022 1951 1069 1982 88.

870 1989 915 2027 tu]
936 1989 1062 2020 Passim.

869 2029 998 2067 tutemet]
1032 2029 1163 2059 Tutemet
1175 2030 1332 2060 mirabere.

832 2065 945 2096 Heaut.
962 2068 991 2096 ii.
1008 2067 1035 2102 3,
1054 2067 1119 2097 133.

869 2105 962 2143 tuber]
1002 2106 1146 2143 Colaphis
1176 2106 1258 2135 tuber
1289 2112 1335 2136 est

830 2147 928 2172 totum
943 2149 1041 2183 caput.
1064 2145 1147 2175 And.
1164 2146 1195 2174 ii.
1211 2145 1242 2181 2,
1256 2145 1302 2177 37.

868 2183 943 2219 tum]
966 2183 1092 2212 Passim.

868 2220 1042 2256 tumultum]
1094 2221 1333 2258 Tumultuantur,

829 2256 971 2290 clamant.
1012 2264 1146 2296 pugnant
1181 2260 1218 2289 de
1255 2259 1330 2289 loeo.

831 2295 906 2324 Hec.
931 2295 996 2326 Alt.
1024 2296 1104 2326 Prol.
1130 2297 1177 2326 33.
1222 2298 1332 2327 Nescio

829 2335 902 2401 quuilc}
915 2335 1215 2403 jamdtliilum..qiigiol
1224 2336 1273 2365 hic
1287 2340 1330 2365 tu-

829 2382 856 2400 m
904 2382 979 2402 uam.
1038 2383 1080 2402 ec.
1097 2383 1141 2403 ιιι.
1178 2397 1186 2408 ,
1221 2397 1227 2403 .

867 2410 1022 2450 tumultus]
1042 2411 1125 2440 Nihil
1135 2413 1328 2448 omati,nihil

827 2449 946 2478 tumulti
981 2451 1059 2479 And.
1075 2451 1106 2479 ii.
1119 2451 1147 2485 2,
1159 2451 1206 2480 28.
1249 2452 1330 2487 Quid

829 2487 886 2516 fuit
905 2487 1046 2518 tumulti?
1082 2489 1156 2518 Hec.
1181 2491 1222 2518 iii.
1238 2489 1266 2521 2.
1281 2490 1328 2519 21.

829 2525 888 2554 Per
901 2526 1057 2556 tumultum
1070 2533 1170 2556 noster
1183 2538 1254 2565 grex
1268 2539 1331 2557 nio-

827 2568 877 2593 tus
891 2563 957 2593 loco
971 2570 1025 2594 est.
1050 2565 1172 2595 Phorm.
1187 2567 1268 2596 Prol.
1282 2566 1328 2596 32.

865 2602 972 2642 tundo]
992 2603 1154 2632 Tundendo
1161 2610 1251 2643 atque
1261 2606 1330 2634 odio

827 2641 957 2708 {effiue
971 2642 1072 2671 effecit
1087 2653 1186 2672 senex.
1216 2644 1292 2673 Hec.
1308 2645 1328 2674 i.

848 2703 856 2716 ,
910 2702 917 2709 .

865 2718 963 2752 turba]
999 2718 1230 2756 Numquidnam
1254 2720 1328 2750 haec

825 2756 926 2785 turbae
949 2757 1072 2786 tristitia
1092 2759 1204 2787 afferat.
1244 2759 1326 2788 And.

826 2795 845 2824 i.
873 2796 902 2832 4,
930 2795 957 2824 8.
1014 2795 1092 2824 'rum
1127 2796 1198 2824 illae
1226 2797 1327 2825 tur-bue

826 2834 909 2863 fient.-
945 2834 1025 2863 And.
1054 2834 1085 2863 ii.
1115 2834 1143 2867 3.
1166 2835 1193 2863 6.
1244 2836 1326 2871 Quid

825 2871 924 2901 turbae
938 2878 982 2901 est
995 2881 1013 2900 a
1033 2872 1071 2900 ud
1086 2872 1184 2900 forum
1194 2874 1209 2901 Ρ
1243 2874 1324 2902 And.

825 2911 865 2939 iv.
881 2911 910 2946 4,
922 2910 948 2940 6.
991 2882 1036 2939 'Ple
1046 2910 1128 2939 omni
1143 2910 1228 2939 turba
1243 2912 1324 2940 evol-

825 2959 883 2978 ves.
919 2949 940 2978 J
942 2958 992 2978 am
1003 2953 1069 2978 tum
1080 2949 1229 2987 inceperat
1239 2950 1325 2978 turba

824 2988 903 3018 inter
921 2997 981 3017 eos.
1014 2987 1092 3017 Eun.
1112 2988 1152 3018 iv.
1169 2988 1197 3024 4,
1213 2987 1266 3025 56,
1281 2988 1321 3017 59

1066 1027 1092 1056 3.
1135 1027 1245 1057 Nescio
1267 1029 1340 1066 quid

1044 1065 1156 1095 Heaut.
1186 1067 1227 1096 iv.
1258 1066 1285 1103 l,
1310 1067 1338 1099 7.

1391 450 1448 478 civi
1463 450 1592 480 insciens
1605 450 1612 480 !
1635 451 1746 482 Heaut.
1761 462 1790 482 v.
1800 451 1832 487 2,
1845 452 1892 486 17.

1393 487 1552 524 Quomodo
1562 499 1612 519 me
1621 499 1659 519 ex
1672 490 1726 519 hnc
1736 491 1896 530 expedi-n

1390 526 1487 563 turba,
1503 528 1611 557 nescio.
1646 528 1779 568 Adelph.
1799 530 1841 561 iv,
1862 531 1896 568 ὁ,

1391 564 1418 594 6.
1463 565 1547 596 Dum
1561 566 1616 596 hae
1630 567 1774 598 tile-cunt
1782 566 1896 601 tueha.

1395 603 1523 641 Adelph.
1540 615 1567 634 V.
1582 605 1612 641 2,
1626 605 1670 636 10.
1708 606 1895 638 Nanctum

1392 642 1477 672 nulla
1487 649 1550 673 eet:
1573 644 1669 674 otium
1691 644 1895 676 eniienim

1391 688 1445 711 est.
1468 681 1546 712 Hec.
1563 682 1628 712 Alt.
1642 682 1724 712 Prol.
1737 682 1786 713 35.
1828 683 1895 724 Ego

1391 719 1479 749 nullo
1512 731 1634 759 possum
1673 722 1807 752 remedio
1842 732 1894 753 mo

1391 758 1530 788 evolvere
1541 769 1579 789 ex
1590 759 1637 789 his
1646 760 1746 790 turbio.
1768 760 1893 792 Phora.

1393 807 1419 826 v.
1447 798 1477 832 4,
1505 798 1532 827 5.
1575 798 1658 834 Quid
1686 799 1765 829 intuo
1790 799 1894 831 turbae

1392 837 1459 865 est?
1478 836 1601 866 Phor-m.
1619 847 1645 866 v.
1660 837 1689 871 8.
1706 837 1732 868 1.

1429 874 1530 914 turbo]
1554 875 1583 904 N
1585 876 1664 905 eteio
1675 876 1747 915 quid
1761 877 1895 916 profecto

1390 913 1512 943 absente
1542 915 1631 944 uobis
1666 915 1816 945 turbatum
1847 920 1894 946 ent

1390 951 1482 981 domi.
1506 952 1586 983 Eun.
1602 954 1639 982 iv.
1656 953 1685 990 3,
1696 953 1723 985 7.
1767 953 1894 984 Τωύαί

1391 1000 1476 1058 ἵξῃ-ο
1490 1000 1581 1029 quam
1596 990 1679 1022 velit.
1715 992 1791 1023 Hec.
1806 993 1848 1024 iv.
1861 994 1892 1030 4,

1427 1066 1535 1105 turpis]
1576 1067 1677 1099 Pudet
1708 1068 1806 1099 dioere
1835 1069 1892 1100 hnc

1389 1111 1542 1144 praesente
1556 1108 1682 1137 verbum
1696 1111 1790 1146 turpe.
1826 1108 1892 1139 He·

1387 1150 1449 1174 aut.
1478 1154 1507 1174 v.
1528 1146 1558 1180 4,
1584 1144 1629 1175 19.
1675 1145 1773 1184 Turpe
1796 1147 1890 1178 dictu.

1390 1181 1518 1221 Adelph.
1548 1184 1580 1212 ii.
1609 1183 1638 1218 4,
1665 1183 1711 1214 11.
1756 1185 1892 1216 Vectium

1387 1222 1491 1259 turpis.
1521 1221 1644 1252 Phorm.
1667 1224 1686 1252 i.
1708 1222 1737 1259 2,
1756 1223 1804 1256 57.
1848 1224 1892 1254 Ut

1387 1269 1425 1288 ne
1439 1260 1510 1298 quid
1526 1264 1611 1298 turpe
1632 1261 1708 1291 vivis
1732 1262 1764 1291 in
1786 1272 1818 1292 se
1837 1263 1891 1292 ud-

1387 1298 1531 1327 mitteret.
1569 1299 1693 1330 Phorm.
1722 1301 1755 1330 ii.
1785 1300 1813 1336 3,
1840 1301 1889 1332 68.

1390 1336 1489 1374 Turpe
1504 1338 1656 1376 inceptum
1673 1344 1728 1368 est.
1764 1338 1889 1370 Phorm.

1388 1375 1417 1404 ii.
1446 1375 1475 1409 4,
1506 1374 1549 1405 16.
1609 1377 1738 1406 Viduam
1768 1379 1891 1409 extnidi

1386 1416 1470 1450 turpe
1485 1420 1537 1443 est.
1562 1414 1685 1445 Phorm.
1702 1426 1729 1445 v.
1745 1416 1774 1453 7,
1788 1416 1841 1447 20.

1425 1453 1562 1490 turpiter]
1595 1454 1709 1484 Mirum
1725 1456 1757 1484 ni
1773 1465 1890 1494 egone

1385 1491 1513 1529 turpiter
1526 1492 1615 1521 hodie
1630 1492 1679 1522 hic
1691 1493 1777 1523 dabo.
1807 1493 1889 1525 Eun.

1386 1529 1417 1558 ii.
1443 1528 1469 1564 l,
1490 1529 1538 1560 24.
1581 1530 1694 1561 Hercle
1713 1533 1766 1562 aba
1793 1537 1823 1562 ω
1843 1537 1890 1563 ent

1385 1568 1498 1596 fautum
1510 1570 1645 1607 turpiter.
1668 1570 1743 1600 Hec.
1760 1571 1800 1600 iv.
1814 1572 1844 1605 4.
1857 1571 1888 1602 2.

1425 1607 1520 1642 tussis]
1561 1608 1714 1645 Gemitus,
1745 1614 1887 1646 atratus,

1386 1647 1489 1713 Ξωῖεοερ
1494 1646 1571 1675 risus
1581 1647 1706 1678 abstine.
1729 1647 1842 1678 Heaut.
1853 1648 1887 1679 ii.

1407 1706 1415 1718 ,
1452 1698 1470 1712 υ
1491 1708 1496 1713 .

1425 1722 1529 1758 tutela]
1542 1723 1603 1759 Qui
1615 1724 1648 1754 iu
1658 1724 1888 1756 tmlammmm

1385 1761 1519 1790 studium
1541 1772 1642 1799 suum,
1662 1767 1695 1793 et
1716 1773 1748 1793 ee
1768 1764 1801 1794 iu
1821 1765 1891 1794 veni

1386 1803 1463 1828 tium
1488 1802 1643 1831 commisit
1668 1802 1769 1832 fldem.
1808 1802 1886 1833 Hec.

1387 1837 1451 1867 Alt.
1469 1838 1550 1868 Prol.
1566 1841 1614 1869 44.

1423 1878 1497 1908 tuto}
1515 1877 1787 1909 Sati-tuentum.
1804 1879 1886 1911 Eun.

1385 1915 1426 1944 iii.
1442 1915 1472 1951 5,
1485 1915 1532 1945 29.
1576 1917 1724 1956 Loquere.
1765 1917 1822 1948 Sv.
1842 1918 1888 1948 At

1384 1956 1452 1982 tuto.
1477 1953 1589 1984 Heaut.
1606 1965 1634 1985 v.
1648 1955 1678 1992 2,
1693 1955 1741 1986 20.
1785 1962 1790 1967 ”

1422 1994 1514 2031 tutor]
1536 1993 1580 2023 Te
1589 1994 1639 2023 isti
1648 1994 1747 2024 virum
1755 1995 1888 2031 dommi·

1383 2040 1467 2098 ἓιιιὲιό
1478 2035 1612 2069 tutorem,
1622 2037 1747 2072 putrem.
1770 2033 1853 2064 And.
1864 2033 1885 2064 ἶ.

1421 2111 1512 2143 tutor]
1541 2108 1584 2138 Et
1603 2110 1640 2138 nd
1658 2110 1835 2148 pudicitiam
1854 2114 1888 2141 et

1382 2146 1419 2175 ad
1439 2157 1502 2176 rem
1523 2148 1689 2178 tutandam.
1722 2149 1805 2178 And.
1818 2150 1839 2178 i.
1854 2149 1884 2186 5,

1381 2183 1429 2214 53.
1472 2185 1536 2223 Ego
1558 2187 1672 2216 interea
1695 2196 1799 2216 meum
1823 2196 1886 2218 non

1382 2224 1465 2290 potui
1480 2225 1574 2253 tutari
1587 2224 1697 2254 lucum.
1721 2225 1800 2255 Hec.
1816 2225 1883 2256 Ait.

1410 2261 1463 2290 rol.
1482 2262 1529 2291 34.
1573 2262 1676 2292 Mores
1691 2263 1779 2293 facile
1795 2267 1884 2295 tutor.

1383 2300 1456 2329 Hec.
1467 2310 1495 2329 v.
1514 2299 1540 2335 1,
1551 2300 1578 2330 9.
1623 2301 1724 2330 Vitam
1740 2307 1825 2331 tuum
1837 2306 1885 2332 tu-

1379 2339 1503 2367 tandam
1518 2338 1588 2368 aliie
1601 2340 1726 2370 dedisse.
1756 2340 1882 2372 Phorm.

1382 2377 1420 2405 iii.
1440 2376 1465 2407 l.
1477 2376 1504 2405 2.
1536 2378 1598 2407 Mei
1610 2379 1701 2416 patris
1714 2380 1789 2408 bene
1800 2385 1885 2418 parta.

1380 2415 1575 2483 ίιιιίἒξὶἰὲεηιει·
1597 2420 1720 2447 tutatur.
1756 2418 1881 2448 Photm.

1380 2463 1407 2483 v.
1447 2478 1453 2486 ,
1489 2475 1498 2483 .

1417 2495 1508 2527 tutus]
1529 2493 1702 2523 Consilium
1717 2494 1786 2530 hoe,
1800 2495 1882 2533 quud

1379 2540 1453 2597 gffffl'
1472 2536 1756 2616 ffffifffifgfeeeft
1778 2537 1882 2601 2⁸:⁸2¹}ss

1379 2615 1616 2677 ffiffissssiussff‘
1630 2611 1699 2683 321?
1699 2610 1759 2677 '3¹12
1769 2613 1882 2686 {23⁶1ss

1378 2695 1441 2714 esse
1457 2686 1487 2714 in
1502 2686 1586 2715 tuto?
1607 2686 1720 2716 Heaut.
1735 2687 1775 2715 iv.
1791 2687 1819 2723 3,
1833 2686 1879 2724 11,

1379 2723 1422 2751 30.
1478 2724 1514 2752 ln
1541 2727 1601 2753 tuto
1623 2730 1669 2753 eet
1695 2725 1795 2754 omnis
1820 2734 1878 2755 ren.

1379 2761 1508 2799 Adelph.
1531 2763 1563 2791 ii.
1585 2764 1614 2797 4,
1639 2762 1666 2792 3.
1709 2763 1745 2792 ld
1771 2763 1879 2792 tmesi-

1378 2809 1457 2828 mum
1475 2806 1527 2829 est.
1565 2800 1643 2829 Adel
1668 2801 1695 2829 h.
1716 2802 1755 2830 iv.
1776 2801 1807 2836 2,
1831 2800 1876 2831 13.

1379 2838 1449 2866 Vita
1473 2844 1505 2867 ut
1521 2839 1550 2867 in
1566 2842 1626 2867 tuto
1639 2811 1726 2869 giret.
1751 2838 1876 2870 Phorm.

1378 2886 1404 2905 v.
1421 2875 1448 2910 1,
1460 2876 1486 2908 7.
1531 2877 1599 2905 Non
1611 2878 1683 2906 satis
1691 2880 1769 2906 tutus
1781 2884 1827 2907 est
1839 2878 1879 2907 ul

1375 2915 1558 2981 ungendum
1572 2915 1623 2944 hic
1635 2915 1728 2946 locue.
1750 2915 1875 2946 Phorm.

1374 2962 1402 2982 v.
1439 2975 1446 2986 ‚
1462 2952 1508 2982 35.

1411 2994 1489 3026 tuus]
1511 2991 1634 3022 Passim.
