2020 3412
225 274 309 317 322

885 270 1173 315 ADELPHI.

340 387 427 430 Sed
447 402 502 430 ex
523 387 792 438 assentando,
815 386 1093 442 indulgendo,
1116 389 1159 427 et
1178 384 1415 440 largiendo,
1438 383 1582 428 Micio.

339 453 384 496 Ν
385 468 469 495 unc
490 454 594 495 adeo
615 454 652 495 si
672 453 726 495 ob
746 468 841 495 eam
860 467 952 494 rem
971 451 1093 493 vobis
1111 450 1203 492 vita
1222 464 1319 492 mea
1338 450 1480 493 invisa
1498 455 1575 501 est,
1596 449 1823 502 Aeschine,

343 518 454 566 Quia
474 534 562 560 non
577 519 695 576 justa
715 519 876 574 injusta
895 531 1068 572 prorsus
1089 515 1232 557 omnia
1252 515 1425 558 omnino
1446 516 1665 572 obsequor,

341 583 475 626 Missa
495 584 628 626 facio:
662 583 879 632 effundite,
903 581 1044 631 emite,
1068 580 1208 630 facite,
1231 581 1345 637 quod
1364 582 1484 623 vobis
1502 581 1633 624 libet:

341 649 424 707 Sed
444 650 480 692 si
501 650 546 691 id
565 649 697 691 vultis
717 648 869 704 potius,
893 662 1001 702 quae
1022 662 1097 689 vos
1116 652 1291 702 propter
1310 647 1640 690 adnleseentiam

1793 659 1838 690 35

341 715 488 756 Minus
509 714 677 764 videtis,
698 713 838 768 magis
858 712 1049 767 impense
1069 712 1237 768 cupitis,
1260 712 1480 755 consulitis
1497 727 1664 769 parum,

340 780 460 821 Haeo
482 779 792 835 reprehendere
813 782 856 819 et
876 777 1090 834 corrigere
1109 792 1190 827 me,
1214 782 1256 819 et
1276 779 1561 820 obsecundare
1581 778 1629 821 in
1647 778 1764 830 10003

340 844 450 886 Eece
470 860 538 886 me
560 845 635 900 qui
655 845 701 885 id
721 843 877 885 faciam
896 843 1029 885 vobis.
1090 842 1188 884 Aes.
1222 843 1332 894 Tibi,
1354 848 1489 899 pater,
1510 844 1823 900 permittimus:

341 910 446 951 Plus
467 909 547 951 seis
575 909 680 965 quid
710 909 822 951 facto
853 924 959 964 opus
978 914 1054 950 est.

399 974 501 1016 Sino
517 990 527 1026 3

1116 907 1200 950 Sed
1220 909 1273 950 de
1299 908 1433 951 fratre
1460 909 1566 966 quid
1591 909 1666 952 fiet
1682 910 1703 952 P
1760 909 1836 951 De.

341 1040 540 1091 Habeat;
581 1040 628 1082 in
667 1040 772 1082 istae
808 1039 940 1082 finem
971 1039 1113 1081 faeiat.
1181 1038 1260 1080 Mi.
1292 1038 1411 1081 Istuc
1446 1044 1572 1082 recte.
1635 1045 1676 1084 Ω
1707 1039 1836 1083 Plau-

399 1105 499 1147 dite.

228 1222 294 1244 non
321 1222 392 1243 vere
418 1211 571 1243 vivitur.”
618 1212 786 1253 ‘Aequum
810 1215 843 1243 et
868 1212 1010 1243 bonum’

227 1265 291 1287 was
306 1255 496 1295 technically
508 1255 586 1286 used
597 1256 630 1286 in
643 1256 699 1286 the
709 1266 800 1287 sense
809 1255 847 1286 of
859 1259 866 1273 ‘
877 1255 1010 1296 equity‚'

227 1309 263 1330 as
292 1298 435 1339 opposed
464 1302 498 1329 to
530 1299 631 1329 ‘law.'
690 1299 749 1329 See
789 1299 910 1336 Cicero,
951 1299 1011 1329 Pro

229 1342 366 1373 Caecina
381 1343 444 1372 23:
470 1342 552 1372 “Ex
575 1352 677 1382 aequo
705 1346 738 1373 et
761 1342 858 1380 bono,
883 1352 949 1372 non
972 1352 1011 1372 ex

228 1385 342 1416 callido
364 1385 556 1425 versutoque
574 1386 647 1425 jure
671 1395 739 1416 rem
759 1385 895 1425 judicari
917 1395 1011 1425 opor-

228 1427 331 1459 tere.”
378 1427 420 1458 So
435 1428 470 1458 in
486 1428 637 1459 Phormio
651 1429 693 1459 iv.
710 1429 741 1460 3.
759 1430 820 1460 32:

245 1489 264 1504 “
278 1487 311 1516 Si
326 1489 361 1535 tu
378 1487 518 1527 aliquam
533 1490 655 1528 partem
672 1488 765 1528 aequi
780 1487 920 1528 bonique
942 1488 1010 1518 dix-

271 1539 382 1622 Utelelsssz
396 1573 450 1603 ille
465 1572 569 1604 bonus
583 1574 642 1611 vir,
663 1573 725 1604 tria
745 1583 811 1604 non
834 1578 1011 1605 commuta-

272 1615 489 1689 Ῡεῗὲῗῑιοᾱίθ
504 1659 588 1689 inter
602 1658 695 1690 vos.’'

230 1728 289 1758 See
304 1727 371 1758 also
388 1730 407 1744 ‘⁴
418 1727 523 1768 Aequi
538 1727 679 1768 bonique
693 1727 810 1764 facio,''
830 1728 950 1759 Heaut.
969 1729 1010 1759 iv.

230 1773 261 1801 5.
279 1773 331 1807 40,
347 1770 411 1800 and
425 1775 512 1802 note.

272 1814 326 1850 37.
355 1814 579 1845 Obeecundare
599 1815 633 1845 in
656 1814 741 1855 loco]
791 1815 851 1845 See
873 1818 949 1846 note
971 1825 1012 1845 on

231 1857 350 1888 Heaut.
367 1867 396 1887 v.
413 1858 444 1888 6.
455 1859 509 1888 22.
555 1857 690 1898 Bentley
703 1868 856 1898 proposes
873 1858 1011 1899 ‘quem,’

228 1900 262 1930 in
278 1900 334 1931 the
349 1910 442 1930 sense
457 1900 493 1931 of
515 1900 694 1941 ‘aliquem‚'
710 1902 835 1932 instead
857 1901 894 1932 of
916 1906 923 1919 ¹
938 1902 1011 1938 me,'

1791 1118 1839 1149 40

1055 1212 1111 1243 the
1135 1222 1285 1243 common
1308 1212 1450 1253 reading.
1496 1213 1530 1245 It
1554 1224 1628 1255 may
1649 1213 1691 1245 be
1713 1224 1754 1245 an
1778 1214 1838 1245 im-

1057 1259 1261 1296 provement3
1303 1255 1364 1287 but
1399 1256 1496 1297 being
1532 1257 1668 1298 entirely
1702 1257 1840 1289 without

1056 1299 1218 1340 authority
1239 1299 1355 1330 should
1381 1303 1440 1330 not
1463 1300 1503 1330 be
1525 1301 1669 1332 received
1689 1301 1759 1332 into
1782 1301 1840 1332 the

1055 1345 1135 1372 text.

1098 1386 1150 1416 39.
1180 1385 1267 1421 Quid
1278 1385 1376 1425 sacto
1399 1395 1480 1426 opus
1502 1386 1565 1427 eet]
1614 1386 1674 1417 See
1694 1389 1772 1418 note
1794 1397 1838 1419 on

1055 1427 1176 1458 Andria
1190 1428 1234 1458 iii.
1251 1430 1282 1460 2.
1302 1430 1352 1459 10.

1102 1472 1152 1501 40.
1190 1471 1281 1502 Istuc
1318 1472 1421 1512 recle]
1484 1473 1632 1504 Donatus
1668 1473 1839 1505 attributes

1056 1514 1146 1544 these
1162 1514 1265 1544 words
1280 1519 1314 1544 to
1330 1515 1428 1545 Micio
1442 1527 1450 1552 ς
1473 1516 1507 1546 in
1522 1526 1563 1546 an
1578 1517 1709 1548 ironica]
1735 1527 1838 1548 sense.

1058 1562 1066 1575 ‘
1078 1557 1159 1588 Now
1175 1566 1238 1597 you
1253 1568 1307 1588 are
1321 1558 1408 1597 right
1429 1562 1463 1589 at
1482 1559 1525 1589 all
1550 1563 1673 1597 events,
1697 1570 1762 1600 you
1784 1571 1839 1591 are

1056 1600 1222 1640 indulging
1232 1611 1312 1640 your
1323 1611 1379 1631 son
1393 1601 1426 1632 in
1442 1612 1461 1632 a
1470 1607 1554 1633 most
1562 1602 1671 1643 fitting
1683 1603 1838 1635 manner!

1055 1643 1133 1674 This
1154 1644 1181 1673 is
1205 1644 1357 1684 certainly
1378 1645 1432 1675 the
1458 1648 1544 1676 most
1565 1646 1692 1677 natural
1713 1656 1782 1687 way
1805 1647 1844 1678 of

1055 1687 1167 1726 taking
1192 1687 1248 1717 the
1274 1687 1386 1717 words.
1433 1688 1466 1718 It
1480 1689 1589 1719 makes
1608 1689 1665 1720 the
1686 1689 1758 1730 play
1775 1690 1839 1721 end

1056 1730 1133 1759 with
1151 1740 1170 1759 a
1186 1733 1254 1760 sort
1269 1730 1306 1760 of
1328 1731 1502 1762 humorous
1524 1735 1626 1763 retort
1645 1742 1688 1763 on
1705 1733 1838 1771 Demea,

1059 1773 1130 1803 who
1157 1773 1215 1803 has
1245 1782 1317 1803 now
1343 1774 1463 1805 carried
1486 1774 1537 1805 his
1568 1775 1839 1817 newly-acquired

1057 1816 1246 1855 indulgence
1262 1816 1386 1857 beyond
1410 1817 1452 1848 all
1474 1817 1610 1849 bounds.
1656 1819 1756 1860 Many
1771 1820 1838 1851 edi-

1057 1860 1142 1890 tions
1166 1860 1235 1899 give
1258 1859 1315 1890 the
1338 1861 1441 1891 words
1470 1864 1505 1892 to
1534 1861 1724 1894 Aeschinus.
1775 1862 1840 1895 For

1058 1905 1066 1920 ⁴
1078 1903 1224 1933 Plaudite
1236 1902 1244 1917 '
1260 1912 1313 1934 see
1327 1907 1403 1934 note
1417 1913 1459 1934 on
1475 1904 1597 1936 Andria
1609 1915 1639 1936 v.
1655 1906 1686 1937 6.
1707 1907 1757 1943 17.
