2020 3412
270 270 353 314 fflffi

274 385 324 416 34.
366 384 453 415 Tuus
465 383 568 414 hercle
582 394 654 414 vero
669 388 700 414 et
713 383 780 413 ‹mi-

276 434 322 454 mo
346 427 378 453 et
401 428 510 454 natura
530 428 622 463 pater.
646 423 778 462 Adelph.

274 473 303 493 v.
320 462 349 499 7,
364 463 391 493 4.
424 463 537 493 Animo
549 463 685 502 judicavi
701 472 779 491 mec.

276 501 408 547 Adelph.
425 513 452 532 v.
469 502 497 539 6,
512 503 539 531 4.
583 502 781 537 Fortunatus,

276 542 329 580 qui
353 546 411 570 isto
434 542 534 570 animo
559 542 625 571 sies.
649 539 779 579 Adelph.

276 590 305 610 v.
333 580 361 617 3,
385 579 431 609 66.
476 580 561 609 Haec
587 580 612 609 si
637 578 720 608 voles
748 579 779 607 in

276 619 378 648 animo
398 629 467 648 vere
485 619 624 657 cogitare.
649 617 798 656 Adelph..

277 668 306 688 v.
325 657 352 695 3,
368 657 414 687 32.
463 659 571 696 Aequo
588 657 688 686 animo
708 658 780 685 fero.

279 697 413 735 Adelph.
437 697 477 726 iv,
502 696 530 733 7,
550 696 598 726 20.
642 695 726 731 Quin
748 699 781 724 tu

276 736 356 766 bono
380 736 480 765 animo
505 745 544 764 es.
578 734 710 773 Adelph.
741 734 780 763 iv.

276 775 306 812 2,
334 775 361 805 4.
418 774 506 804 Bono
533 773 634 803 animo
659 773 705 802 fac
732 773 782 802 sis.

279 813 413 852 Adelph.
429 813 474 842 iii.
490 812 519 849 5,
536 812 561 842 1.
610 812 673 842 Vos
687 822 783 850 aequo

277 853 378 882 animo
397 862 493 890 aequa
510 861 633 881 noscere
657 854 782 889 oportet.

279 890 411 930 Adelph.
435 891 479 920 iii.
505 891 534 928 4,
561 890 608 921 58.
651 890 721 920 Hoc
749 894 783 919 tu

277 931 368 960 facito
413 940 484 959 cum
517 929 618 959 animo
661 939 695 958 co
717 929 782 958 'tes

278 969 412 1008 Adelph.
447 970 494 998 iii.
526 969 556 1005 4,
583 968 630 998 55.
687 967 784 997 llum

275 1008 378 1039 alieno
404 1009 505 1037 animo
538 1018 557 1037 a
586 1007 676 1037 nobis
709 1017 782 1037 esse.

279 1047 411 1086 Adelph.
426 1047 469 1077 iii.
485 1047 514 1083 2,
528 1046 575 1077 40.
620 1046 668 1076 Ex
683 1046 784 1075 animo

276 1086 356 1116 facit..
381 1086 514 1125 Adelph.
529 1087 548 1115 i.
567 1085 594 1123 l,
609 1085 656 1117 47.
698 1085 784 1121 Quae

277 1126 309 1155 in
334 1126 434 1155 animo
454 1125 573 1164 cogitat.
608 1124 739 1163 Adelph.
762 1125 783 1153 i.

277 1163 306 1201 l,
334 1163 366 1194 5.
407 1163 460 1193 Illi
486 1166 551 1203 jam
577 1164 711 1193 animum
739 1173 784 1192 re-

277 1203 403 1233 levabis.
441 1203 572 1241 Adelph.
608 1204 649 1232 iv.
679 1202 707 1239 3,
737 1201 782 1231 ll.

282 1242 448 1280 Nunquam
461 1246 490 1271 te
501 1242 591 1271 aliter
603 1246 694 1280 atque
705 1251 737 1270 es
753 1241 784 1270 in

278 1282 413 1311 animum
429 1282 538 1311 induxi
551 1291 665 1310 meum.
690 1280 785 1310 Adel-

280 1320 330 1360 ph.
344 1321 385 1350 iv.
402 1319 430 1357 3,
446 1320 472 1350 6.
517 1320 595 1359 Age,
608 1320 681 1349 novi
696 1323 785 1348 tuum

279 1360 425 1389 animum.
457 1359 589 1398 Adelph.
618 1359 651 1388 ii.
679 1358 709 1395 2,
739 1357 784 1387 15.

280 1398 332 1428 Sic
360 1399 494 1427 animum
526 1398 639 1427 induco
672 1407 784 1427 meum.

284 1437 415 1476 Adelph.
442 1437 461 1466 i.
487 1437 513 1473 1,
535 1437 582 1466 43.
625 1436 664 1466 In
687 1437 787 1465 animo

282 1476 454 1506 instituere.
482 1475 614 1514 Adelph.
641 1476 661 1504 i.
686 1474 713 1512 l,
740 1474 786 1504 13.

282 1515 396 1544 Animo
410 1515 545 1554 obsequi.
573 1513 705 1552 Adelph.
722 1514 741 1544 i.
761 1512 787 1550 l,

282 1554 310 1584 8.
335 1554 449 1584 Animo
470 1553 550 1583 male
571 1558 626 1584 est.
654 1552 786 1591 Adelph.

283 1593 325 1623 iv.
342 1592 371 1630 5,
390 1593 438 1623 21.
482 1593 566 1630 Quid
591 1592 639 1622 illi
665 1592 789 1621 tandem

282 1632 403 1662 creditis
438 1633 502 1662 fore
533 1632 630 1661 animi
654 1632 789 1660 misero?

285 1671 417 1709 Adelph.
433 1671 471 1701 iv.
488 1670 517 1708 5,
533 1670 580 1700 32.
618 1670 791 1700 Discrucior

283 1710 388 1739 animi.
413 1710 543 1750 Adelph.
560 1710 599 1739 iv,
616 1709 645 1746 4,
662 1708 688 1739 l.
727 1709 790 1738 Vix

285 1759 354 1779 sum
378 1759 499 1788 compos
522 1749 625 1778 animi.
656 1747 789 1787 Adelph.

285 1788 328 1818 iii.
350 1788 378 1826 2,
397 1787 442 1818 12.
484 1787 616 1818 Animus
638 1788 696 1817 tibi
719 1797 791 1826 pen-

284 1828 346 1858 det.
379 1827 511 1866 Adelph.
539 1827 570 1857 ii.
593 1826 623 1862 2,
648 1826 692 1856 18.
736 1825 792 1855 Sin

283 1866 374 1896 aliter
384 1867 503 1896 animus
515 1871 612 1896 vester
621 1870 674 1895 est.
699 1865 793 1894 Adel-

283 1905 333 1944 ph.
360 1906 405 1935 iii.
440 1906 470 1943 4,
494 1905 542 1936 46.
593 1905 723 1934 Animus
753 1905 794 1934 ti—

284 1955 369 1974 more
403 1945 558 1983 obstipuit.
591 1943 722 1982 Adelph.
751 1943 791 1972 iv.

285 1985 314 2017 4,
331 1983 358 2014 3.
400 1984 533 2014 Animus
545 1993 670 2021 aequus.
697 1982 792 2011 Adel-

285 2022 335 2062 ph.
358 2033 389 2052 v.
403 2023 432 2060 3,
447 2022 493 2052 51.
535 2023 666 2052 Animus
682 2022 793 2060 partim

287 2062 392 2091 uxoris
406 2062 613 2091 misericordia
623 2061 792 2097 devinctus,

286 2101 398 2138 partim
426 2102 524 2130 victus
547 2100 643 2139 hujus
670 2099 793 2137 injuria,

307 2139 436 2168 aulatim
458 2139 577 2177 elapsus
598 2142 653 2167 est.
678 2138 755 2167 Hec.
772 2138 791 2167 i.

309 2201 316 2214 ,
332 2177 378 2207 93.
422 2178 482 2213 Qui
496 2188 548 2207 eos
564 2178 714 2216 gubernat
727 2178 793 2205 ani-

287 2226 362 2252 mus,
386 2216 545 2245 infirmum
567 2220 684 2254 gerunt.
714 2215 792 2244 Hec.

286 2255 332 2284 iii.
351 2254 378 2292 l,
394 2254 440 2284 31.
490 2255 621 2284 Animus
642 2253 720 2282 mihi
748 2263 793 2282 re-

286 2293 352 2323 diit.
382 2293 459 2323 Hec.
475 2293 516 2322 iii.
532 2293 561 2329 2,
579 2292 624 2322 12.
668 2292 716 2321 De
737 2291 794 2321 hac

287 2342 320 2362 re
340 2333 460 2361 animus
478 2342 564 2362 meus
582 2335 617 2360 ut
639 2331 688 2360 sit.
715 2330 792 2360 Hec.

287 2381 316 2401 v.
332 2370 362 2408 2,
378 2370 423 2401 19.
467 2371 552 2400 Fecit
573 2370 669 2399 animi
691 2373 726 2398 ut
748 2369 794 2398 in-

287 2414 389 2440 certus
417 2410 503 2440 foret.
540 2409 616 2438 Hec.
647 2408 666 2437 i.
692 2408 721 2444 2,
745 2408 792 2438 46.

289 2449 465 2480 Adversum
498 2449 595 2478 animi
637 2446 684 2476 tui
723 2445 793 2475 libi-

288 2488 405 2518 dinem.
437 2488 513 2517 Hec.
534 2487 574 2516 iv.
597 2485 624 2523 1,
646 2485 691 2515 19.
735 2485 794 2514 Τιιί

287 2527 385 2556 animi
397 2537 447 2556 me
459 2536 522 2556 esse
533 2526 672 2563 ignarum
685 2527 772 2562 putas
781 2525 795 2553 Ρ

291 2566 368 2595 Hec.
394 2566 435 2596 iv,
463 2566 492 2602 4,
516 2564 563 2595 60.
607 2564 645 2593 In
673 2563 794 2592 funam-

288 2604 363 2634 bulo
376 2605 511 2634 animum
528 2606 694 2642 occuparat.
716 2601 794 2631 Hec.

291 2643 374 2674 Prol.
394 2643 422 2673 5.
466 2643 503 2673 In
523 2643 657 2672 animum
677 2641 793 2670 induxi.

292 2681 370 2711 Hec.
387 2681 455 2712 Alt.
472 2681 554 2712 Prol.
569 2680 617 2711 42.
649 2676 795 2710 Animum

291 2721 413 2751 induco.
447 2721 523 2751 Hec.
544 2720 575 2750 ii.
597 2719 628 2756 2,
641 2719 689 2750 22.
731 2717 794 2746 Ha-

292 2760 400 2789 bebam
436 2759 508 2789 alibi
535 2759 669 2788 animum
700 2757 795 2786 amori

292 2799 441 2829 deditum.
464 2799 540 2828 Hec.
556 2798 596 2827 iii.
615 2797 642 2833 1,
655 2797 699 2826 14.
742 2795 794 2824 In-

291 2838 429 2876 peditum
452 2837 484 2866 in
509 2846 544 2866 eo
568 2836 709 2875 expedivi
730 2835 797 2862 am·-

291 2885 372 2905 mum
395 2886 509 2905 meum.
543 2875 619 2904 Hec.
639 2875 680 2904 iii.
704 2873 732 2910 l,
749 2873 795 2904 17.

292 2914 440 2945 Animum
459 2915 589 2944 flectere.
619 2913 696 2943 Hec'.
711 2914 751 2944 iv.
768 2913 797 2949 3,

291 2953 320 2983 2.
365 2953 442 2992 Ejus
463 2953 599 2982 alienum
620 2962 683 2982 esse
707 2962 725 2981 a
747 2963 797 2982 me

291 2991 435 3021 animum.
458 2992 535 3021 Hec.
546 2992 585 3021 iv.
599 2992 628 3028 4,
639 2990 686 3021 36.
718 2991 797 3021 Tan-

292 3031 364 3062 dem
384 3030 446 3062 huc
455 3031 589 3062 animum
600 3035 635 3060 ut
651 3029 798 3070 adjungas

982 267 1182 312 INDEX

830 387 927 412 tuum.
952 382 1028 411 Hec.
1053 382 1092 411 iv.
1117 381 1146 418 4,
1167 380 1214 411 61.
1257 380 1336 410 Ani-

1388 380 1462 410 dum
1505 383 1664 417 conantur,
1698 384 1798 409 annu!
1832 379 1889 409 est.

829 431 910 451 mum
931 422 967 450 ad
991 420 1186 450 meretricem
1204 420 1335 450 induxti.
1388 419 1501 449 Heaut.
1517 420 1548 449 ii.
1563 417 1651 455 2,11.
1687 418 1793 448 Annos
1804 426 1891 448 nexo·

831 461 907 490 Hec.
938 461 978 489 iit.
1007 462 1036 496 4,
1065 459 1112 491 67.
1163 459 1337 490 Abhorrere

830 499 964 528 animum
977 498 1049 528 huic
1066 499 1152 530 video
1174 509 1191 528 a
1211 498 1336 537 nuptiis.

831 538 906 567 Hec.
934 538 974 567 iv.
1000 538 1028 573 4,
1057 537 1104 567 92.
1147 537 1246 576 Exple
1270 538 1336 566 ani-

830 586 910 606 mum
927 577 973 607 iis.
997 577 1073 607 Hec.
1086 587 1114 607 v.
1130 577 1213 614 l,28.
1248 576 1338 606 Nun-

852 626 923 645 uam
949 617 1083 646 animum
1106 617 1143 646 ad
1167 615 1264 646 malas
1287 615 1336 644 ad-

831 627 943 684 ducam
966 660 1073 694 partes
1105 656 1182 686 Hec.
1199 666 1227 685 v.
1244 654 1273 689 3,
1288 653 1334 684 38.

834 694 943 733 Aequo
956 694 1057 724 animo
1071 694 1229 725 attendite.
1258 693 1335 723 Hec.

834 733 899 762 Alt.
927 733 1009 763 Prol.
1033 733 1080 763 20.
1129 734 1200 763 Uno
1226 733 1335 762 animo.

833 772 910 802 Hec.
934 772 966 802 ii.
992 772 1018 808 1,
1040 773 1067 802 4.
1111 772 1215 802 Patrio
1237 772 1337 801 animo

832 812 940 841 victus.
965 811 1041 842 Hec.
1054 812 1084 842 ii.
1097 811 1127 849 2,
1140 811 1168 841 2.
1213 811 1293 850 Erga
1308 816 1337 840 te

832 850 933 880 animo
947 860 1011 880 esse
1024 852 1133 881 amico.
1154 850 1232 881 Hec.
1247 850 1292 880 iii.
1308 849 1337 886 3,

833 889 880 919 29.
924 889 1023 919 Fideli
1038 891 1138 919 animo
1156 895 1187 920 et
1207 890 1337 927 benigno

834 929 866 957 in
880 928 977 959 illam.
1001 929 1077 958 Hec.
1092 929 1136 959 iii.
1151 929 1181 965 5,
1191 928 1239 958 22.
1281 928 1337 958 Sin

833 967 894 997 alio
923 973 968 998 est
994 969 1103 998 animo.
1141 968 1217 998 Hec.
1241 968 1285 997 iii.
1308 966 1338 1003 5,

834 1006 880 1036 52.
938 1007 1047 1036 Adeon
1083 1007 1232 1046 pervicaci
1274 1016 1338 1036 esse

832 1046 932 1075 animo
944 1046 958 1075 ,7
979 1046 1056 1076 Hec.
1072 1047 1112 1076 iv.
1130 1045 1157 1081 l.
1173 1046 1218 1076 17.
1261 1045 1339 1075 Tam

832 1085 932 1114 animo
946 1085 1091 1114 iracundo
1105 1085 1186 1115 tulit.
1207 1085 1283 1115 Hec.
1297 1085 1336 1114 iv.

837 1123 862 1161 l,
886 1123 932 1153 53.
990 1125 1092 1161 Quam
1114 1126 1215 1154 animo
1242 1134 1338 1162 aequo

834 1162 918 1192 tuli?
947 1163 1023 1193 Hec.
1041 1165 1080 1193 iv,
1097 1164 1125 1200 4,
1141 1163 1187 1194 63.
1231 1164 1338 1201 Neque

835 1201 888 1231 ille
912 1201 969 1231 hoc
990 1203 1091 1232 animo
1115 1203 1174 1232 erit
1198 1207 1337 1232 aetatem.

836 1241 912 1270 Hec.
940 1251 969 1270 v-
997 1240 1024 1278 l,
1056 1241 1103 1271 20.
1161 1242 1251 1278 Quod
1278 1242 1339 1270 fors

834 1280 910 1310 feret
945 1281 1078 1310 feremus
1106 1291 1201 1320 nequo
1228 1281 1337 1310 animo.

835 1319 959 1348 Phorm.
988 1320 1009 1349 i.
1039 1319 1068 1354 2,
1095 1319 1142 1350 88.
1198 1319 1339 1349 Otiosum

835 1358 888 1387 abs
909 1359 1018 1388 animo.
1042 1358 1167 1388 Phorm.
1189 1359 1220 1388 ii.
1242 1358 1271 1395 2,
1291 1358 1339 1388 26.

838 1396 1032 1427 Multimodis
1054 1408 1124 1427 cum
1147 1398 1224 1427 istoc
1240 1398 1340 1427 animo

837 1446 868 1465 es
893 1437 1115 1475 vituperandus.
1149 1437 1273 1466 Phorm.
1298 1437 1340 1465 iii.

840 1474 908 1511 1,1.
951 1475 1065 1504 Animo
1086 1476 1191 1514 iniquo
1216 1475 1273 1505 hoc
1293 1485 1342 1512 ορ-

858 1514 906 1543 ido
921 1514 999 1543 ferre
1014 1515 1109 1544 aiunt.
1132 1514 1256 1544 Phorm.
1270 1525 1297 1544 v,
1316 1513 1342 1550 1,

880 1576 886 1582 .
929 1553 1039 1583 Parare
1073 1554 1105 1582 in
1133 1554 1233 1583 animo
1261 1554 1343 1592 cupi-

840 1592 959 1622 ditates.
983 1592 1107 1622 Phorm.
1123 1602 1150 1622 v.
1166 1593 1196 1630 4,
1210 1592 1238 1622 2.
1267 1592 1344 1622 Am·-

840 1641 887 1660 mo
905 1630 987 1660 virili
1010 1632 1222 1670 praesentique
1241 1636 1275 1661 ut
1294 1631 1345 1668 sis,

840 1680 919 1709 para.
952 1670 1076 1700 Phorm.
1095 1681 1121 1700 v.
1137 1670 1166 1708 7,
1182 1670 1229 1701 64.
1272 1669 1345 1700 Gla-

841 1709 970 1738 diatorio
979 1710 1079 1739 animo
1090 1710 1128 1739 ad
1141 1720 1191 1739 me
1202 1710 1347 1739 affectant

842 1749 933 1778 viam.
957 1748 1082 1779 Phorm.
1104 1759 1131 1778 v,
1153 1749 1180 1784 7,
1203 1748 1250 1780 71.
1293 1748 1347 1778 Me

841 1788 998 1817 excruciat
1010 1788 1115 1818 animi.
1139 1787 1264 1817 Phorm.
1281 1788 1301 1817 i.
1317 1788 1346 1824 4,

842 1826 869 1856 9.
919 1826 1048 1856 Accidet
1084 1827 1185 1857 animo
1220 1837 1345 1857 novum.

843 1865 967 1896 Phorm.
983 1866 1016 1896 ii.
1035 1865 1061 1902 1,
1079 1865 1123 1896 15.

844 1905 1017 1974 Ααέηρηαέ
1038 1906 1172 1977 ⁴74an
1198 1914 1266 1935 cara
1292 1909 1346 1935 est.

876 1954 895 1973 n
920 1967 926 1974 .
942 1954 982 1973 ιν.
1019 1968 1026 1981 ,
1063 1968 1070 1974 .

881 1983 1022 2022 annulus]
1043 1983 1117 2013 Dati
1130 1983 1242 2013 annuli.
1266 1983 1346 2013 Eun.

843 2022 886 2051 iii.
902 2023 932 2058 4,
948 2021 976 2052 3.
1019 2022 1068 2052 De
1089 2023 1184 2061 digito
1205 2022 1349 2052 annulum

843 2061 977 2099 detraho,
1005 2063 1031 2091 is
1062 2062 1113 2091 hic
1139 2066 1186 2091 est
1211 2061 1346 2091 annulus.

845 2100 958 2130 Heaut.
978 2101 1017 2130 iv.
1038 2100 1064 2137 l,
1089 2100 1135 2137 37,
1156 2100 1204 2130 40.
1249 2101 1349 2130 Testis

843 2149 965 2168 mecum
987 2143 1033 2169 est
1054 2139 1190 2169 annulus.
1214 2139 1346 2178 Adelph.

843 2178 887 2207 iii.
922 2177 951 2214 2,
990 2178 1036 2207 49.
1093 2178 1217 2216 Eripuit
1250 2180 1281 2207 vi
1316 2178 1347 2206 in

844 2216 939 2254 digito
967 2226 1058 2255 quem
1095 2216 1201 2246 habuit
1234 2217 1347 2255 virgini

843 2255 948 2284 abiens
968 2255 1120 2284 annulum.
1151 2255 1226 2284 Hec.
1253 2256 1292 2284 iv.
1321 2254 1349 2292 l,

844 2293 891 2323 59.
922 2293 1074 2332 Cognosse
1087 2293 1233 2323 annulum
1246 2293 1346 2323 illum.

845 2332 922 2361 Hec.
937 2342 967 2362 V.
983 2332 1011 2369 3,
1029 2331 1073 2361 13.
1124 2332 1184 2361 Hic
1205 2333 1280 2362 adeo
1300 2333 1348 2362 his

844 2371 934 2400 rebus
948 2370 1075 2400 annulus
1087 2371 1147 2400 fuit
1161 2371 1286 2401 initium
1301 2372 1347 2401 in-

844 2410 1012 2439 veniendis.
1036 2409 1112 2439 Hec.
1130 2420 1157 2439 v,
1174 2411 1202 2446 3,
1216 2410 1263 2440 23.
1297 2411 1347 2440 Ad

844 2459 893 2478 me
922 2449 1082 2486 confugere
1108 2458 1176 2478 cum
1208 2449 1266 2478 hoc
1293 2460 1347 2479 an-

844 2486 921 2516 nulo.
965 2487 1055 2516 Unde
1082 2487 1226 2517 annulum
1253 2488 1347 2518 istum

844 2530 950 2555 nactus
967 2527 1021 2555 es?
1061 2525 1133 2555 Sese
1144 2526 1192 2555 illi
1203 2527 1346 2557 annulum

844 2565 1016 2594 detraxisse.
1048 2564 1124 2594 Hec.
1141 2575 1168 2595 v.
1186 2565 1215 2602 3,
1228 2565 1277 2602 26,
1298 2566 1347 2602 27,

846 2602 891 2633 31.
935 2603 1119 2633 Bacchidem
1141 2614 1231 2634 suum
1253 2615 1348 2635 annu-

844 2642 906 2672 lum
919 2641 1038 2672 habere.
1061 2643 1138 2672 Hec.
1154 2653 1181 2672 ν.
1198 2644 1226 2679 4,
1241 2644 1269 2674 6.

883 2681 1068 2749 annum-ere]
1090 2681 1260 2720 Argentum
1294 2693 1348 2728 an-

844 2723 1012 2796 garlngfavtt
1035 2730 1045 2749 1
1060 2730 1116 2750 ico.
1145 2721 1278 2760 Adelph.
1305 2732 1348 2752 ιιι.

883 2797 1000 2835 annuo]
1023 2797 1145 2834 Ammo,
1167 2802 1280 2828 terram
1302 2800 1349 2828 in-

845 2840 934 2905 {fiens
960 2836 1106 2866 modeste.
1143 2836 1222 2868 Eun.
1250 2838 1294 2868 iii.
1319 2838 1348 2875 5,

884 2913 996 2958 annus]
1019 2913 1115 2942 Video
1131 2914 1237 2952 pannis
1250 2915 1350 2944 annis-

847 2962 905 2991 que
929 2952 1071 2982 obeltum.
1102 2952 1183 2982 Eun.
1209 2954 1240 2983 ii.
1269 2954 1298 2989 2,
1320 2954 1348 2984 5.

846 2991 952 3021 Annos
979 2994 1070 3020 natus
1093 2992 1235 3022 sedecim.
1269 2992 1349 3023 Eun.

848 3030 887 3060 iv.
914 3030 942 3068 4,
965 3028 1013 3060 26.
1056 3029 1143 3060 Dum
1171 3030 1350 3070 moliuntur,

1385 459 1470 497 ginta
1489 463 1578 488 natus
1597 468 1638 493 es,
1652 462 1706 487 aut
1725 457 1802 497 plus.
1824 456 1892 487 He-

1387 502 1448 527 aut.
1477 498 1497 527 i.
1530 497 1556 534 l,
1593 496 1639 526 10.
1695 497 1761 536 Ego
1792 504 1892 526 novus

1387 538 1516 566 maritus
1541 546 1620 566 anno
1638 537 1764 566 demum
1804 535 1896 565 uinto

1387 580 1417 605 et
1436 586 1508 606 sexa
1526 576 1620 605 esimo
1640 576 1736 605 fiam?
1757 575 1786 605 A
1809 573 1837 604 el
1859 573 1889 604 h.

1388 626 1415 645 v.
1445 615 1473 652 8,
1521 614 1548 644 5.
1605 614 1715 645 Parere
1744 614 1810 654 jam
1860 614 1892 642 iu

1386 654 1460 684 haec
1506 663 1540 683 er
1565 663 1659 684 annos
1689 663 1758 695 non,
1780 657 1889 692 potest.

1388 693 1489 732 Adelp
1514 716 1520 722 .
1549 702 1577 722 v.
1609 692 1638 730 8,
1666 691 1697 722 8.
1751 692 1892 728 Quacum

1386 737 1433 762 tot
1446 737 1617 762 consuesset
1629 741 1730 762 annos.
1757 731 1835 761 Hec.
1850 730 1890 760 iv.

1390 771 1416 809 1,
1444 771 1490 800 40.
1547 771 1624 801 Fere
1657 770 1767 800 abhinc
1798 779 1893 799 annos

1387 810 1571 850 quindecim.
1595 810 1719 840 Phorm.
1737 819 1762 839 v.
1778 808 1807 844 8,
1821 807 1870 838 28.

1426 850 1510 887 ante]
1535 849 1678 879 Solitudo
1687 851 1755 878 ante
1766 848 1890 878 ostium.

1387 889 1468 918 And.
1485 890 1517 918 ii.
1533 887 1562 925 2,
1576 888 1624 918 25.
1665 888 1746 918 Ante
1766 887 1890 917 ostium.

1389 929 1471 957 And.
1501 927 1543 957 iii.
1575 927 1602 965 1,
1629 927 1674 957 16.
1715 927 1796 956 Ante
1820 935 1892 956 nos-

1389 971 1466 996 tram
1489 967 1615 1006 januam
1640 975 1763 1002 appone.
1807 965 1890 995 And.

1387 1007 1428 1036 iv.
1459 1005 1487 1043 3,
1516 1005 1561 1035 10.
1615 1005 1796 1035 Adductum
1823 1007 1892 1033 ante

1388 1045 1500 1075 oculos.
1528 1045 1607 1074 Eun.
1628 1045 1669 1074 iv.
1695 1043 1722 1081 l,
1741 1043 1770 1074 9.
1810 1043 1892 1072 Ante

1387 1085 1482 1114 aedes.
1500 1083 1630 1122 Adelph.
1643 1084 1677 1113 ii.
1690 1082 1775 1121 1,26.
1802 1083 1892 1119 Quod
1907 1093 1915 1104 -

1387 1127 1455 1153 ante
1478 1123 1568 1162 pedes
1589 1123 1680 1152 modo
1702 1127 1758 1158 est,
1776 1121 1891 1151 videre.

1390 1162 1521 1200 Adelph.
1538 1162 1581 1191 iii.
1598 1162 1626 1198 3,
1643 1161 1688 1191 32.
1719 1161 1800 1191 Ante
1814 1165 1892 1190 tem-

1409 1211 1452 1231 us.
1502 1201 1578 1230 Hec.
1618 1200 1684 1230 Alt.
1722 1199 1804 1230 Prol.
1842 1198 1891 1228 28.

1390 1250 1557 1308 Hunquar4n
1571 1243 1675 1308 ΞιέπίεΑ
1688 1239 1772 1308 ὶιιὲιιίο
1799 1238 1892 1268 diem.

1425 1290 1467 1309 ec.
1483 1289 1511 1308 v.
1549 1302 1557 1315 ,
1613 1303 1619 1309 .
1679 1289 1698 1308 n
1762 1287 1891 1308 rumam.

1390 1319 1514 1348 Phorm.
1530 1318 1568 1347 iv.
1585 1319 1614 1354 4,
1629 1318 1677 1348 28.

1430 1361 1508 1393 ante,
1514 1358 1656 1396 adverb]
1684 1356 1795 1386 Nonne
1804 1365 1890 1394 opor-

1392 1398 1454 1426 tuit
1464 1397 1626 1435 praescisse
1636 1406 1687 1426 me
1697 1398 1765 1425 ante
1774 1395 1788 1425 2
1808 1394 1891 1425 And.

1393 1436 1412 1465 i.
1437 1435 1466 1473 5,
1489 1436 1516 1465 4.
1560 1435 1598 1464 Id
1625 1439 1655 1465 te
1679 1445 1742 1471 oro,
1765 1437 1802 1463 ut
1824 1437 1894 1463 ante

1392 1485 1508 1510 eamus,
1535 1475 1608 1503 dum
1644 1478 1764 1513 tempus
1792 1473 1892 1502 datur.

1395 1514 1478 1543 And.
1493 1514 1538 1543 iii.
1561 1513 1590 1550 3,
1607 1513 1655 1543 23.
1697 1513 1778 1542 Ante
1799 1521 1894 1550 quam

1394 1563 1461 1582 eam
1472 1562 1599 1582 uxorem
1609 1553 1744 1582 duxisset
1754 1552 1891 1581 domum.

1396 1592 1471 1621 Hec.
1500 1593 1519 1621 i.
1545 1591 1574 1628 2,
1603 1591 1650 1623 71.
1694 1591 1799 1629 Teque
1825 1593 1894 1619 ante

1397 1637 1488 1699 quagt
1497 1640 1553 1698 gne
1567 1640 1668 1660 amare
1682 1630 1777 1660 rebar.
1814 1628 1892 1658 Hec.

1396 1680 1436 1699 iv.
1474 1693 1481 1706 ‚
1518 1693 1524 1699 .

1433 1708 1535 1747 antea]
1557 1708 1638 1738 Nam
1651 1710 1740 1738 antea
1774 1707 1806 1736 ui
1819 1707 1895 1736 scire

1395 1749 1518 1787 posses?
1559 1747 1642 1778 And.
1657 1747 1678 1777 i.
1695 1746 1722 1784 l,
1780 1767 1788 1776 .

1435 1785 1588 1826 antecede]
1613 1786 1690 1816 Dies
1702 1785 1894 1825 praestituta.

1396 1826 1416 1855 J
1419 1836 1468 1855 am
1483 1836 1518 1855 ea
1530 1827 1709 1864 praeteriit?
1736 1825 1805 1854 Non
1818 1834 1828 1861 ς
1841 1834 1894 1854 ve-

1396 1875 1466 1895 rum
1474 1865 1583 1895 haecei
1591 1864 1751 1894 antecessit.
1767 1863 1893 1894 Phorm.

1398 1905 1441 1934 iii.
1457 1904 1486 1941 2,
1501 1904 1549 1934 40.

1434 1943 1546 1982 anteeo]
1557 1941 1740 1972 Incredibile
1748 1946 1793 1971 est
1799 1951 1895 1980 quan-

1396 1986 1464 2012 tum
1486 1982 1595 2012 herum
1615 1985 1716 2011 anteco
1737 1981 1894 2020 sapientia.

1397 2022 1522 2051 Phorm.
1537 2022 1570 2051 ii.
1587 2021 1614 2058 l,
1630 2020 1676 2052 17.

1435 2060 1575 2098 antehae]
1612 2059 1703 2096 Quod
1715 2057 1838 2088 antehac
1849 2059 1894 2088 fe-

1397 2100 1448 2135 cit,
1459 2099 1540 2128 nihil
1553 2099 1590 2128 ad
1600 2109 1650 2128 me
1659 2098 1778 2127 attinet.
1808 2097 1892 2127 And.

1398 2139 1417 2167 i.
1433 2137 1462 2174 2,
1474 2138 1520 2167 16.
1544 2138 1650 2175 Usque
1661 2136 1794 2166 antehac.
1811 2137 1893 2166 And.

1396 2177 1429 2206 ii.
1459 2176 1485 2213 l,
1506 2176 1534 2206 3.
1565 2175 1702 2205 Antehac
1723 2185 1892 2213 nunquam.

1398 2215 1480 2245 And.
1491 2225 1520 2244 V.
1534 2215 1563 2251 4,
1577 2214 1622 2244 14.
1654 2215 1739 2251 Quae
1753 2218 1799 2244 est
1813 2214 1896 2244 dicta

1397 2258 1494 2283 mater
1520 2264 1583 2283 esse
1611 2254 1639 2283 ei
1668 2253 1800 2290 antehac,
1831 2263 1895 2282 non

1396 2293 1466 2322 fuit.
1507 2293 1622 2322 Heaut.
1639 2293 1671 2323 ii.
1689 2291 1716 2329 3,
1730 2291 1779 2322 29.
1824 2291 1900 2329 Illa,

1397 2341 1473 2370 quae
1487 2331 1610 2361 antehac
1623 2332 1702 2360 facta
1712 2335 1794 2367 sunt,
1805 2332 1895 2360 omit·

1397 2375 1438 2400 to.
1472 2370 1604 2409 Adelph.
1620 2371 1640 2400 i.
1655 2369 1685 2407 2,
1700 2370 1728 2400 6.
1768 2369 1840 2399 Seio
1863 2374 1895 2408 te

1397 2420 1458 2438 non
1479 2419 1542 2439 esse
1564 2420 1654 2439 usum
1675 2408 1797 2438 antehac
1817 2409 1895 2438 ami-

1397 2449 1470 2478 citia
1491 2459 1570 2478 mea.
1604 2447 1732 2487 Adelph.
1749 2448 1779 2477 ii.
1801 2447 1831 2484 2,
1845 2447 1893 2477 42.

1398 2488 1481 2523 Quas
1507 2487 1630 2517 antehac
1662 2487 1736 2516 fecit
1767 2485 1894 2516 fabulas.

1397 2526 1524 2556 Phorm.
1539 2526 1621 2556 Prol.
1636 2526 1664 2555 4.

1436 2565 1600 2604 antevenio]
1622 2564 1715 2594 Thais
1728 2563 1828 2594 multo
1841 2573 1896 2594 an-

1396 2605 1510 2633 tevenit.
1534 2604 1615 2634 Eun.
1630 2604 1670 2632 iv,
1686 2603 1715 2640 5,
1729 2603 1756 2635 7.

1437 2643 1598 2681 anteverto]
1632 2642 1731 2672 Miror
1762 2642 1815 2671 ubi
1841 2651 1896 2681 ego

1397 2682 1481 2750 gui}
1498 2682 1715 2711 antevenerim.
1748 2680 1831 2711 Eun.
1854 2681 1895 2710 iv.

1419 2744 1427 2758 ’
1438 2758 1614 2804 Antiphila]
1632 2759 1775 2788 Teneone
1784 2757 1897 2794 te,An—

1399 2797 1515 2836 tiphila,
1529 2807 1665 2827 maxime
1682 2798 1787 2826 animo
1804 2806 1864 2827 exo
1885 2813 1897 2819 -

1399 2841 1495 2906 ἷῖεῐιι
1508 2838 1600 2866 meo?
1627 2836 1741 2866 Heaut.
1756 2836 1787 2866 ii.
1802 2836 1832 2872 4,
1845 2807 1897 2872 23,

1428 2886 1453 2904 c·
1682 2887 1685 2890 ,

1439 2913 1587 2952 Antipho]
1625 2912 1718 2951 Apud
1749 2912 1900 2952 Antipho-

1399 2963 1465 2982 nem
1486 2957 1614 2990 uterque
1638 2956 1736 2981 mater
1757 2956 1789 2981 et
1813 2955 1900 2990 pater

1401 2992 1483 3021 domi
1498 2994 1594 3020 erant.
1637 2990 1719 3020 Eun.
1734 3001 1763 3020 v.
1779 2989 1809 3027 2,
1826 2989 1854 3020 l.

1439 3029 1593 3070 antiquus]
1647 3029 1814 3070 Antiquam
1847 3028 1901 3059 ob—
