2020 3412
261 276 344 321 affl

301 394 428 430 arcesso]
470 391 537 424 Cur
554 401 616 424 non
636 393 762 424 domum

262 442 391 467 uxorem
405 434 549 463 arcessis?
584 433 715 472 Adelph.
732 444 761 463 v.

262 472 291 508 7,
326 472 353 502 6.
409 472 529 502 Curre:
567 473 761 503 obstetricem

261 521 383 541 arcesse.
428 510 559 551 Adelph.
586 512 629 541 iii.
655 512 684 549 2,
713 511 760 541 56.

262 549 401 580 Uxorem
435 554 471 580 ut
503 554 632 580 arcessat
668 555 761 589 paret.

262 589 379 619 Heaut.
408 599 436 619 v.
471 589 498 626 l,
533 590 583 621 75.
635 590 762 619 Proviso

262 637 354 667 quam
382 638 455 658 mox
484 629 631 666 virginem
666 639 762 658 arces-

261 671 336 697 sant.
381 667 516 706 Adelph.
531 678 559 697 v.
575 668 604 703 6,
619 666 647 697 2.
690 668 761 696 Non

261 708 353 736 eam?
373 717 412 736 ne
432 717 515 736 nunc
536 708 671 745 quidem,
691 717 762 735 cum

260 755 394 775 arcessor
407 745 513 775 ultro?
555 745 636 774 Eun.
652 746 672 775 i.
691 745 717 783 l,
732 745 760 775 2.

260 784 432 814 Arcessitur
471 784 606 814 lavatum
646 785 764 814 interea

260 824 356 862 virgo.
390 824 469 852 Eun.
487 823 531 853 iii.
547 823 576 860 5,
590 824 639 854 44.
680 824 715 854 Si
730 825 762 853 in

260 872 326 892 rem
347 867 393 908 est
411 864 534 901 utrique
554 868 590 892 ut
611 863 696 900 fiant,
711 873 763 892 ar·

260 911 334 970 323².
349 903 650 980 diligtiis&
655 902 761 980 ‘311ssss

259 990 310 1010 me
324 981 361 1009 ad
376 991 407 1010 se
426 981 577 1010 arcessier.
620 981 702 1011 Eun.
717 981 760 1010 iii.

261 1018 289 1054 3,
322 1020 349 1049 4.
393 1020 543 1059 Compare
568 1019 646 1049 Hec.
684 1021 704 1050 i.
733 1019 762 1057 2,

266 1057 333 1095 109,
349 1058 414 1088 110.
438 1060 479 1088 iii.
505 1059 534 1095 5,
552 1058 598 1088 16.

300 1098 541 1136 Archidemides]
581 1098 681 1127 Patris
695 1108 764 1137 cog-

261 1142 370 1166 natum
398 1143 489 1175 atque
516 1136 676 1175 aequalem
698 1138 763 1166 Ar—

259 1176 453 1244 chicgengidem
467 1177 620 1206 novistine
630 1178 645 1205 P
680 1176 762 1206 Eun.

262 1215 297 1245 ii.
335 1238 342 1251 ‚
379 1215 407 1245 6.

299 1254 501 1292 Archonides]
525 1253 694 1283 Archonidi
706 1254 763 1283 hu-

256 1293 309 1361 qus
349 1292 458 1323 filiam.
509 1293 622 1323 Heaut.
661 1303 689 1323 v.
733 1293 762 1330 5,

299 1371 458 1410 Archylis]
469 1371 598 1407 Audivi,
608 1371 760 1410 Archylis,

257 1410 453 1449 jamdudum.
478 1410 560 1439 And.
576 1410 595 1440 i.
612 1411 640 1446 4,
658 1410 684 1440 l.

299 1450 392 1478 ardeo
428 1450 543 1478 Amore
553 1449 654 1478 ardeo.
677 1449 758 1479 Eun.

260 1489 279 1518 i.
311 1487 338 1524 l,
365 1488 385 1517 2
407 1512 414 1518 .
456 1488 561 1517 Ardea
595 1489 760 1518 iracundia.

262 1527 394 1566 Adelph.
410 1528 456 1557 iii.
471 1527 501 1563 2,
519 1526 564 1556 12.

300 1566 501 1606 aryentarius]
530 1566 696 1596 Phaedriae
710 1576 759 1596 cu-

261 1616 326 1635 ram
368 1606 501 1635 adimere
542 1606 759 1644 argentariam.

262 1645 388 1674 Phorm.
405 1656 433 1675 v.
450 1645 479 1682 6,
493 1644 541 1674 46.

298 1685 471 1752 avyentmrff
513 1683 578 1722 Ego
605 1687 760 1722 aryentum

261 1724 399 1753 effecero.
473 1728 552 1753 eaut.
580 1723 624 1753 iii.
654 1722 682 1759 3,
710 1723 757 1752 23.

262 1763 443 1802 Fugitivum
457 1765 620 1800 amentum.
644 1762 758 1791 Heaut.

261 1802 302 1832 iv.
328 1802 357 1839 2,
388 1801 433 1831 11.
475 1802 526 1831 Ar
544 1804 643 1830 entum
669 1802 756 1830 cudo.

262 1841 376 1871 Heaut.
402 1842 443 1870 iv.
465 1841 493 1877 4,
519 1811 564 1870 lql.
607 1840 692 1877 Quin
715 1845 761 1869 est

260 1886 400 1919 paratum
433 1883 596 1916 aryenlum.
645 1879 758 1909 Heaut.

260 1921 301 1949 iv.
317 1920 346 1956 4,
368 1919 413 1948 15.
457 1919 506 1948 De
532 1922 653 1957 arqenlo
681 1929 760 1948 som-

261 1959 360 1988 nium.
412 1957 543 1997 Adelph.
579 1958 612 1988 ii.
651 1957 677 1994 l,
711 1957 758 1987 50.

261 1999 428 2034 Aryentum
447 1997 661 2026 annumeravit
679 1997 759 2026 ilico.

263 2036 399 2075 Adelph.
418 2037 462 2066 iii.
488 2036 515 2073 3,
543 2035 588 2065 15.
633 2035 703 2065 Non
726 2040 760 2064 tu

262 2075 319 2104 hoc
339 2079 494 2114 argentum.
512 2076 621 2114 perdis,
642 2075 693 2104 sed
716 2075 761 2103 vi-

262 2119 325 2143 tam
340 2119 435 2143 tuam.
461 2114 592 2152 Adelph.
608 2114 651 2143 iii.
669 2113 697 2150 3,
711 2113 759 2143 56.

264 2153 332 2191 Ipse
355 2158 474 2191 egomet
497 2152 573 2181 solvi
595 2156 759 2190 argentum.

264 2191 397 2229 Adelph.
428 2193 467 2221 iv.
496 2192 525 2227 4,
555 2191 601 2221 19.
655 2192 682 2220 A
711 2201 762 2219 me

262 2234 427 2267 amentum,
465 2230 572 2267 quanti
617 2233 672 2264 est,
712 2239 761 2258 su—

263 2270 351 2298 mito.
376 2268 508 2307 Adelph.
526 2279 552 2298 v,
568 2268 596 2304 9,
611 2267 659 2297 20.
690 2268 761 2296 Non

263 2308 349 2343 ratio,
361 2317 466 2337 verum
481 2310 635 2343 amentum
650 2307 760 2335 deerat.

264 2346 389 2377 Phorm.
403 2347 435 2376 ii.
458 2345 484 2381 l,
507 2344 554 2375 69.
595 2345 762 2383 Aryentam

264 2386 441 2415 inveniams
470 2384 594 2414 Phorm.
617 2384 660 2413 iii.
684 2383 711 2420 3,
735 2383 761 2413 1.

264 2424 432 2464 Argentum
454 2427 600 2460 repetent.
636 2422 760 2451 Phorm.

264 2464 305 2493 iv.
329 2464 358 2500 4,
387 2462 434 2494 14.
476 2462 614 2491 Emunxi
641 2464 763 2500 aryento

265 2513 360 2532 senes.
390 2502 513 2531 Phorm.
529 2502 570 2530 iv.
586 2501 614 2537 4,
631 2499 656 2530 l.
698 2501 763 2529 Ar-

260 2545 381 2580 yentum
410 2544 452 2570 est
482 2539 563 2569 ultro
595 2539 761 2579 objectum.

266 2581 391 2611 Phorm.
407 2590 436 2610 v.
452 2579 482 2615 2,
497 2580 525 2609 4.

304 2618 540 2658 Aryumentum]
592 2617 762 2655 Aryumen-

266 2662 327 2688 tum
354 2663 466 2687 narret.
510 2656 592 2687 And.
622 2655 704 2686 Prol.
733 2655 761 2685 6.

268 2698 339 2727 Non
363 2699 405 2727 ita
427 2695 565 2726 dissimili
588 2699 659 2725 sunt
672 2705 760 2732 arqu-

266 2740 370 2766 mento.
408 2736 490 2765 And.
507 2734 590 2764 Prol.
608 2733 653 2764 ll.
697 2734 763 2762 Du-

266 2775 337 2815 plex
355 2786 420 2814 qnae
437 2785 475 2804 ex
496 2777 667 2811 aryumento
687 2773 765 2802 facta

266 2811 762 2891 {³3}⁸23ss⁰0¹40ffi¹3⁸2222322¹..532

267 2892 396 2921 fabulae.
427 2890 562 2931 Adelph.
579 2890 660 2919 Prol.
675 2886 723 2918 22.

315 2931 440 2968 aridus]
493 2930 597 2959 Habet
650 2933 763 2967 patrem

268 2970 419 3008 quendam
449 2969 585 3004 avidum,
606 2968 764 3002 miserum,

267 3013 358 3075 :itque
376 3008 510 3038 aridum.
546 3007 660 3037 Heaut.
675 3006 723 3036 iii.
735 3005 763 3036 2.

289 3056 316 3077 o.

973 276 1171 324 INDEX

858 394 961 433 arma]
989 393 1105 424 Omnia
1124 391 1208 433 prius
1228 401 1319 433 expe-·

818 434 881 470 riri,
907 443 998 472 quam
1021 434 1125 469 armis,
1151 434 1317 472 sapientem

818 473 912 502 decet.
937 472 1017 501 Eun.
1033 471 1073 502 ἰν.
1091 471 1119 509 7,
1136 471 1182 502 19.
1218 471 1319 502 Simul

818 521 882 541 rem
911 515 942 540 et
970 509 1044 540 belli
1073 511 1199 550 gloriam
1225 512 1321 541 armis

817 551 942 588 repperi.
966 547 1079 579 Heaut.
1096 551 1115 579 i.
1134 546 1160 585 1,
1177 548 1224 580 60.

856 589 928 627 aro]
970 589 1056 625 Quin
1091 594 1121 619 te
1157 590 1189 618 in
1223 589 1319 618 fundo

817 627 971 696 {inspitcer
989 628 1111 699 lfollssre’
1137 633 1190 658 aut
1217 638 1318 658 arare.

854 677 908 696 eau
928 691 932 695 .
951 677 970 697 1.
1008 691 1015 703 ,
1072 689 1078 696 .

857 706 1000 745 arrhabo]
1043 706 1089 736 Ea
1115 705 1223 736 relicta
1250 706 1320 735 huic

817 745 981 774 arrhaboni
993 749 1038 775 est
1052 755 1104 784 pro
1118 745 1173 775 illo
1187 750 1319 784 argento.

820 784 932 814 Heaut.
949 785 995 815 iii.
1013 784 1040 820 3,
1055 785 1102 814 42.

857 824 999 862 arrideo]
1032 823 1093 853 Sed
1109 824 1157 853 his
1171 823 1255 853 ultro
1269 833 1320 852 ar-

818 863 912 892 rideo.
950 862 1031 892 Eun.
1049 863 1079 892 ii.
1095 862 1124 900 2,
1142 863 1188 892 19.
1232 861 1321 892 Nulli

818 901 936 931 laedere
955 912 997 939 os,
1011 902 1149 932 arridere
1167 902 1320 932 omnibus.

820 941 953 980 Adelph.
970 951 997 970 v.
1016 942 1045 977 4,
1063 940 1108 971 10.

858 980 975 1020 arrigo]
995 981 1109 1019 Arrige
1120 990 1218 1017 aures,
1230 980 1322 1009 Pam-

819 1019 911 1058 phile.
937 1019 1020 1049 And.
1037 1030 1064 1049 v.
1081 1020 1110 1056 4,
1127 1019 1172 1049 30.

820 1058 1028 1144 ΡέῘ-ζζὲᾞὲ1ω
1037 1058 1253 1143 ῗξξιῗὲῗᾞι
1267 1068 1321 1136 ἒξὲ

819 1147 950 1205 impl?
962 1136 1112 1205 ..¹1³3ssssssss
1129 1136 1321 1214 δάηῗρεῗὲἷῖἶ

821 1214 952 1253 Adelph.
970 1215 1012 1244 iii.
1029 1214 1058 1250 2,
1076 1214 1122 1243 18.

858 1254 926 1291 ars]
972 1254 1055 1290 Quid
1080 1258 1126 1283 est
1153 1252 1234 1292 quod
1263 1253 1318 1282 tibi

819 1302 887 1321 mea
913 1302 966 1321 ars
993 1293 1111 1322 efficere
1142 1292 1198 1321 hoc
1226 1292 1320 1331 possit

819 1331 972 1370 amplius?
995 1332 1026 1361 S.
1052 1330 1140 1361 Nihil
1155 1332 1228 1360 istac
1244 1341 1319 1370 opus

818 1375 863 1400 est
883 1373 948 1400 arte
969 1371 1006 1400 ad
1028 1370 1105 1400 hanc
1129 1380 1204 1407 rem,
1227 1380 1318 1408 quam

818 1420 897 1448 paro.
922 1410 1003 1439 And.
1020 1410 1039 1439 i.
1058 1409 1085 1447 1,
1108 1410 1136 1445 4,
1160 1409 1187 1438 5.
1231 1409 1318 1438 Nun-

818 1458 910 1486 quam
937 1458 1026 1478 avare
1081 1449 1193 1478 retium
1224 1449 1314 1476 statui

817 1489 880 1516 arti
900 1497 993 1517 meae.
1072 1492 1149 1516 eant.
1172 1485 1253 1516 Prol.
1269 1486 1316 1516 48.

819 1526 922 1556 Habet
946 1527 1022 1556 bene
1045 1531 1077 1555 et
1097 1526 1206 1564 pudice
1229 1526 1318 1555 educ-

818 1570 890 1602 tam,
919 1566 1053 1603 ignaram
1080 1565 1155 1594 artis
1182 1565 1318 1594 meretri-

816 1605 888 1634 ciae.
920 1604 1034 1634 Heaut.
1053 1604 1085 1633 ii.
1112 1603 1138 1641 l,
1155 1603 1200 1633 14.
1242 1606 1319 1633 Arte

821 1644 966 1673 tractabat
994 1644 1104 1672 virum.
1149 1643 1260 1672 Heaut.
1286 1643 1318 1671 ii.

821 1683 848 1718 3,
887 1682 951 1712 125.
999 1683 1172 1711 Primarum
1207 1682 1321 1711 artium

820 1722 916 1760 magis
931 1721 1107 1760 principem.
1140 1720 1270 1759 Adelph.
1288 1721 1320 1750 ii.

820 1761 848 1797 3,
864 1761 890 1790 6.
934 1761 1100 1790 Remotum
1125 1783 1131 1790 .
1148 1783 1155 1790 .
1172 1783 1179 1790 .
1199 1761 1259 1789 ab.
1283 1783 1289 1789 .
1313 1783 1321 1790 .

819 1803 884 1830 arte
898 1801 1020 1829 musica.
1062 1799 1138 1829 Hec.
1157 1798 1221 1828 Alt.
1239 1798 1320 1828 Prol.

822 1839 866 1869 15.
908 1840 1016 1868 Artem
1027 1839 1175 1868 musicam
1191 1839 1322 1867 recidere

819 1879 854 1907 ad
867 1888 984 1917 paucos.
1010 1878 1084 1907 Hec.
1100 1877 1164 1907 Alt.
1178 1877 1259 1907 Prol.
1273 1877 1321 1907 38.

822 1918 885 1954 Qui
906 1921 1000 1946 artem
1016 1922 1145 1946 tractant
1162 1917 1318 1946 musicam.

823 1957 949 1986 Phorm.
966 1955 1051 1986 Ptol.
1070 1955 1115 1986 18.

859 1994 1019 2034 articulus]
1054 1995 1099 2024 Ut
1119 1995 1151 2023 in
1166 1995 1230 2032 ipso
1244 1995 1320 2024 arti-

820 2034 884 2103 Ξιῖῐο
905 2035 1059 2074 oppressit.
1093 2033 1225 2072 Adelph.
1241 2034 1274 2063 ii.
1291 2033 1320 2071 2,

860 2111 988 2152 artifeoe]
1026 2111 1054 2141 Ο
1082 2112 1227 2151 artificem
1254 2121 1319 2150 pro-

822 2152 904 2181 bum.
928 2151 1053 2180 Phorm.
1070 2150 1101 2179 ii.
1120 2149 1146 2184 l,
1161 2149 1208 2179 29.

860 2189 934 2228 arx]
969 2190 1006 2218 In
1028 2198 1125 2218 arcem
1151 2194 1320 2217 transcurso

822 2238 896 2288 opqs
909 2232 963 2257 est.
987 2227 1089 2272 P·...¹¹¹
1104 2227 1225 2256 arcem?
1247 2227 1322 2264 quid

822 2266 1125 2373 {Qagffistgssg
1142 2265 1321 2333 ὅξιιωῗξῗ

843 2354 901 2374 em.
960 2353 1002 2373 ec.
1019 2353 1045 2373 v.
1083 2367 1091 2378 ,
1128 2366 1134 2371 .

862 2382 1003 2420 ascendo]
1039 2381 1156 2411 Navem
1181 2381 1320 2411 ascendit.

826 2421 956 2459 Adelph.
1002 2421 1042 2450 iv.
1087 2420 1117 2457 5,
1159 2420 1206 2450 69.
1273 2420 1320 2449 Ibi

823 2460 947 2489 ascendo
978 2460 1010 2488 in
1044 2459 1196 2498 quendam
1223 2459 1323 2488 excel-

823 2509 891 2528 sum
930 2498 1043 2528 locum.
1095 2498 1175 2527 And.
1218 2498 1249 2527 ii.
1294 2498 1324 2535 2,

862 2576 958 2614 Asia]
998 2576 1111 2614 Meque
1145 2576 1178 2605 in
1212 2575 1321 2604 Asiam

843 2625 1011 2653 ersequens.
1056 2614 1138 2644 And.
1165 2624 1196 2644 v.
1218 2615 1247 2650 4,
1272 2614 1318 2644 32.

823 2626 861 2683 1η
881 2654 990 2683 Asiam
1011 2653 1082 2682 hinc
1102 2653 1175 2682 abii.
1207 2653 1319 2682 Heaut.

825 2694 843 2722 i.
861 2693 887 2725 1.
902 2692 949 2722 59.
994 2692 1029 2721 In
1046 2693 1154 2721 Asiam
1168 2693 1205 2721 ad
1222 2702 1321 2731 regem

824 2731 992 2761 militatum
1012 2731 1098 2760 abiit.
1129 2731 1242 2760 Heaut.
1258 2733 1277 2760 i.
1295 2730 1322 2766 l,

825 2770 871 2800 65.
915 2770 1000 2799 Huic
1028 2770 1128 2799 filium
1151 2770 1208 2799 scis
1236 2771 1322 2799 esse?

826 2810 862 2839 C.
918 2809 1034 2838 Audivi
1070 2819 1134 2838 esse
1171 2810 1202 2837 in
1231 2809 1319 2838 Asia.

826 2849 939 2878 Heaut.
956 2848 975 2876 i.
991 2847 1020 2881 2,
1036 2847 1063 2878 7.

863 2887 981 2924 asinus]
1017 2885 1188 2915 Flabellum
1220 2891 1322 2915 tenere

826 2931 855 2956 te
878 2926 995 2955 asinum
1018 2929 1146 2953 tantum.
1181 2924 1260 2954 Eun.
1277 2926 1320 2955 iii.

826 2965 854 2999 5,
869 2963 915 2994 50.
944 2963 1081 2999 Caudex,
1096 2964 1196 3002 stipes,
1211 2964 1321 3001 asinus,

826 3003 993 3042 plumbeus.
1031 3002 1143 3032 Heaut.
1172 3012 1199 3031 v.
1232 3002 1259 3039 l,
1293 3003 1320 3032 4.

828 3043 911 3080 Quid
935 3047 968 3071 tu
993 3046 1093 3070 autem
1120 3040 1203 3078 huic,
1229 3041 1321 3079 asine,

1377 391 1553 462 511121scultas?
1603 391 1734 434 Adelph.
1777 402 1806 424 v.
1849 393 1879 431 8,

1416 471 1546 511 aspecw]
1568 471 1648 518 Eun.
1664 473 1709 519 iii.
1723 470 1754 518 ῥ,
1770 470 1817 501 11.

1378 511 1540 580 ..Μὴ
1560 511 1644 586 ‘3:25¹
1663 511 1879 596 tamuz:

1381 589 1680 696 leffi'ss'ffissffkissss‘?
1700 587 1878 663 {anthi}

1378 705 1580 775 naffffffiffc]
1592 707 1880 776 &gluniffigznuoert

1381 784 1505 814 Phorm.
1522 785 1552 814 ii.
1569 783 1598 820 3,
1612 784 1660 814 24.
1860 816 1862 818 ,

1418 824 1547 862 aspicio]
1562 823 1656 853 Forte
1666 823 1880 869 unamaspien'o

1378 862 1645 892 adolescentulam.
1687 861 1771 892 And.
1800 871 1820 891 ι.
1850 861 1878 898 l,

1380 900 1427 930 91.
1470 902 1615 931 Accessi:
1652 902 1736 933 intro

1382 941 1463 970 And.
1485 942 1517 970 ii.
1534 941 1564 977 2,
1583 940 1631 970 28.
1665 941 1761 970 Totus
1781 944 1880 970 tremo

1379 979 1558 1029 horreoque,
1592 984 1751 1019 postquam
1777 979 1882 1017 mytcoei

1379 1018 1464 1048 hanc.
1489 1019 1570 1049 Eun.
1599 1020 1620 1048 i.
1648 1018 1678 1053 2,
1703 1019 1730 1048 4.
1773 1017 1878 1054 Quum

1378 1059 1517 1096 aspicias,
1546 1068 1578 1087 os
1606 1058 1648 1087 im
1670 1057 1768 1087 ndens
1796 1057 1879 1086 vide-

1379 1101 1438 1126 tur.
1476 1097 1558 1127 Eun.
1586 1107 1614 1127 V.
1665 1119 1674 1133 ,
1700 1095 1748 1126 22.
1791 1095 1880 1125 Post·-

1380 1141 1470 1174 qu'am
1501 1137 1613 1174 aspa-i,
1642 1135 1715 1164 ilico
1742 1136 1876 1173 cognovi.

1379 1175 1493 1204 Heaut.
1517 1175 1556 1204 iv.
1586 1174 1612 1210 l,
1633 1174 1682 1203 43.
1723 1173 1802 1213 Ejus
1821 1173 1878 1203 sibi

1378 1214 1590 1252 complacitam
1624 1213 1764 1250 formam,
1797 1217 1879 1258 post-

1399 1263 1467 1282 uam
1484 1253 1641 1290 aspeuerit.
1666 1252 1779 1281 Heaut.
1795 1261 1835 1282 iv.
1847 1251 1878 1289 5,

1398 1291 1424 1320 5.
1463 1291 1573 1327 Ehem,
1591 1291 1718 1327 Demea,
1733 1291 1813 1320 haud
1827 1300 1876 1321 as-

1371 1340 1516 1368 peoeeram
1543 1335 1582 1359 te.
1619 1330 1754 1368 Adelph.
1781 1330 1824 1360 iii.
1849 1330 1880 1366 3,

1379 1368 1423 1399 19.
1468 1369 1521 1399 Me
1566 1374 1688 1407 repente
1729 1378 1877 1407 aspexere.

1377 1431 1383 1437 .
1394 1431 1416 1438 ..
1430 1408 1596 1447 Postquam
1607 1409 1722 1446 aspem',
1729 1408 1880 1438 orucians

1376 1447 1554 1516 {adaigffim
1573 1449 1709 1486 inquam.
1741 1446 1819 1478 Hec.
1835 1447 1877 1477 iii.

1398 1510 1547 1563 'asper-to]
1576 1525 1707 1563 Quoquo
1728 1525 1800 1554 hinc
1831 1534 1880 1554 ae·

1372 1564 1546 1602 portabitur
1581 1569 1729 1594 terrarum
1762 1568 1880 1594 certum

1377 1609 1422 1632 est
1433 1604 1580 1642 persequi.
1597 1603 1722 1633 Phorm.
1734 1603 1779 1633 iii.
1792 1602 1821 1640 3,
1833 1602 1878 1633 18.

1375 1642 1569 1710 m1i⁸1⁸ssffl¹a
1578 1641 1735 1711 {3¹23ss
1756 1647 1882 1711 {³35⁹

1375 1720 1405 1756 2,
1420 1720 1468 1750 22.
1511 1720 1571 1756 Qui
1587 1720 1656 1750 huic
1670 1721 1810 1750 animum
1831 1730 1881 1750 as-

1374 1760 1488 1788 sentari
1506 1760 1670 1789 induxeris.
1695 1759 1777 1790 Eun:
1791 1759 1835 1790 iii.
1849 1758 1880 1796 2,

1375 1798 1421 1830 37.
1465 1799 1513 1828 Ne
1533 1799 1563 1828 id
1590 1799 1761 1828 assentandi
1785 1808 1817 1828 m
1858 1799 1883 1828 's

1375 1847 1464 1876 quam
1481 1848 1539 1876 quo
1555 1837 1679 1867 habeam
1702 1844 1820 1876 gratum

1375 1877 1621 1945 gerzexgzitplgs.
1642 1877 1775 1945 'Agellph’
1786 1877 1834 1944 dii.
1850 1877 1882 1945 4-ἰ

1395 1938 1402 1944 .
1461 1926 1489 1945 ss
1535 1926 1555 1944 a
1598 1925 1714 1952 o,1nu
1765 1926 1867 1952 no,e

1374 1954 1536 1992 largiendo.
1561 1953 1693 1993 Adelph.
1708 1925 1782 1991 wag,
1796 1954 1844 1984 31.

1374 1993 1746 2068 tinssfaessisssshf‘ss‘fq‘ff'aem.
1741 2003 1757 2024 ⁶
1778 2003 1814 2024 ⁸⁰
1834 2003 1882 2024 ’θ’

1412 2072 1525 2110 assero]
1558 2071 1624 2110 Ego
1650 2070 1770 2101 liberali
1794 2070 1882 2101 illum

1372 2120 1582 2178 assciro4gausa
1603 2120 1704 2140 manu.
1746 2110 1879 2150 Adelph.

1374 2159 1404 2178 u.
1441 2172 1449 2184 ,
1506 2173 1511 2178 .

1411 2188 1547 2226 asservo]
1572 2187 1655 2216 Cura
1666 2187 1883 2225 asser-candum

1374 2227 1519 2255 vinetum.
1544 2226 1626 2256 And.
1643 2237 1672 2256 v.
1688 2225 1717 2263 2,
1733 2226 1781 2256 24.
1818 2227 1880 2257 Hie

1374 2265 1431 2294 tibi
1459 2265 1656 2294 asservandus
1677 2271 1730 2294 est.
1764 2265 1879 2295 Heaut.

1374 2304 1418 2332 iii.
1435 2303 1463 2339 3,
1479 2303 1526 2333 32.
1570 2304 1631 2333 Dic
1645 2314 1693 2334 me
1708 2304 1758 2333 hic
1772 2305 1881 2344 oppido

1374 2352 1439 2371 esse
1453 2343 1591 2379 invitam,
1605 2347 1696 2382 atque
1718 2344 1880 2374 asservari.

1377 2381 1490 2410 Heaut.
1507 2382 1547 2411 iv.
1564 2382 1592 2417 4,
1610 2381 1655 2411 12.

1414 2421 1529 2459 assidu]
1554 2421 1664 2450 Asside
1675 2431 1687 2458 ,-
1719 2425 1885 2451 accurrunt-

1376 2460 1454 2488 servi
1474 2470 1481 2488 :
1544 2470 1644 2489 soccos
1706 2459 1879 2490 detrahunt.

1377 2498 1490 2527 Heaut.
1507 2499 1526 2528 i.
1545 2498 1571 2534 l,
1587 2497 1634 2529 72.

1415 2536 1549 2576 assidue]
1575 2537 1623 2567 Ne
1644 2546 1761 2576 semper
1778 2547 1882 2567 servus

1376 2586 1509 2612 currens,
1529 2578 1624 2605 iratur
1644 2586 1748 2612 senex,
1764 2577 1881 2606 assidue

1375 2615 1556 2689 {gendasips
1562 2615 1664 2683 xtnihfi.2
1673 2614 1785 2644 Heaut.
1796 2615 1878 2645 Prol.

1416 2676 1423 2683 .
1498 2663 1528 2682 ui
1580 2664 1596 2683 e
1631 2663 1650 2682 u
1666 2663 1755 2683 urum
1778 2664 1832 2683 cen

1375 2702 1465 2731 quem
1477 2692 1752 2722 assidueexedent?
1767 2663 1882 2723 Heailet..

1376 2733 1419 2760 iii.
1446 2731 1472 2767 1,
1497 2731 1544 2760 53.
1588 2731 1738 2760 Homines
1764 2731 1881 2760 nobiles

1375 2780 1445 2799 eum
1459 2770 1606 2808 adjutare,
1628 2770 1805 2808 assidueque
1821 2780 1883 2799 uns.

1375 2809 1511 2838 scribere.
1548 2808 1678 2846 Adelph.
1715 2808 1797 2837 Prol.
1833 2807 1879 2838 16.

1377 2847 1458 2915 lugi)
1462 2848 1514 2876 ubi
1529 2857 1596 2876 sum
1607 2847 1735 2876 assidue.
1759 2847 1835 2877 Hec.
1847 2847 1882 2876 ii.

1414 2924 1568 2963 assimulo]
1601 2924 1692 2953 Nunc
1719 2929 1809 2953 tuum
1836 2928 1883 2954 est

1376 2964 1510 2993 officium
1525 2963 1578 2992 has
1593 2963 1669 2992 bene.
1684 2967 1719 2991 ut
1729 2962 1883 2992 assimules

1375 3003 1502 3041 nuptias.
1526 3002 1606 3031 And.
1623 3002 1643 3030 i.
1662 3000 1688 3037 l,
1705 3000 1770 3031 141.
1813 3000 1882 3030 Eho

1376 3051 1412 3071 an
1428 3045 1493 3070 tute
1507 3040 1664 3070 intellexti
1687 3040 1744 3070 hoc
1756 3039 1881 3070 assimu-
