2020 3412
294 253 379 296 176

719 257 1480 303 IIEAUTONTIMORUMENOS.

407 369 492 412 Sed
511 370 558 412 in
577 370 730 414 Asiam
749 373 852 416 hinc
873 373 960 415 abii
979 378 1155 429 propter
1173 374 1424 430 pauperiem
1441 391 1450 427 ;
1483 380 1611 433 atque
1630 376 1694 420 ibi

406 434 545 478 Simul
565 453 668 488 rem,
692 443 735 480 et
754 439 858 480 belli
881 439 1064 495 gloriam
1084 439 1215 481 armis
1236 441 1450 496 repperi.''

405 500 627 545 Postremo
648 504 751 546 adeo
772 520 839 546 res
859 504 988 546 rediit
1007 520 1015 546 :
1049 504 1402 558 adolescentulus,

405 566 539 624 Saepe
560 569 708 611 eadem
728 574 771 611 et
792 570 982 626 graviter
1004 569 1216 612 audiendo
1236 570 1374 614 vietus
1395 577 1471 623 est,

404 632 464 674 Et
484 639 622 676 aetate
642 635 813 690 putavit
833 650 902 676 me
923 639 966 676 et
986 635 1286 678 benevolentia

404 698 509 742 Plus
530 700 637 742 scire
658 706 700 742 et
719 700 944 756 providere
965 716 1096 756 quam
1116 717 1160 743 se
1180 701 1323 758 ipsum
1342 702 1436 745 sibi.

403 765 460 806 In
480 764 632 807 Asiam
652 766 707 807 ad
727 781 875 822 regem
894 766 1131 808 militatum
1151 767 1270 818 abiit,
1295 767 1489 811 Chreme.

1862 781 1908 816 65

407 829 480 872 Oh.
516 830 632 876 Quid
653 831 748 873 ais?
807 831 889 873 Me.
925 831 1048 873 Clam
1067 848 1136 874 me
1156 833 1384 889 profectus,
1406 850 1573 878 menses
1593 841 1680 880 tres
1700 837 1831 882 abest.

407 894 479 936 Cla.
512 895 655 938 Ambo
676 897 927 948 accusandi3
960 897 1041 940 etsi
1060 898 1171 940 illud
1190 899 1412 955 inceptum
1431 906 1578 944 tamen

400 959 554 1002 Animi
574 967 637 1003 est
657 963 859 1018 pudentis
880 963 1068 1019 signum,
1090 970 1133 1006 et
1153 979 1241 1006 non
1260 965 1485 1008 instrenui.

400 1025 482 1067 Me.
516 1026 606 1069 Ubi
626 1028 814 1084 comperi
836 1044 890 1071 ex
909 1029 963 1071 iis
984 1029 1060 1085 qui
1081 1029 1121 1071 ei
1141 1029 1260 1072 fuere
1281 1032 1452 1083 conscii,

398 1091 588 1134 Domum
608 1099 799 1136 revertor
819 1101 1018 1146 moestus,
1042 1100 1170 1152 atque
1191 1096 1333 1139 animo
1353 1097 1443 1140 fere

1862 1111 1907 1148 70

398 1156 668 1210 Perturbato,
692 1165 819 1216 atque
840 1161 1003 1203 incerto
1023 1177 1126 1217 prae
1147 1162 1418 1218 aegritudine
1437 1179 1446 1205 :

398 1222 554 1266 Assido
570 1241 580 1276 3
613 1231 841 1268 accurrunt
862 1227 986 1278 servi,
1004 1242 1144 1269 soccos
1165 1229 1399 1271 detrahunt
1416 1245 1426 1281 ;

398 1289 538 1332 Video
560 1291 664 1333 alios
685 1292 900 1344 festinare,
925 1293 1057 1335 lectos
1078 1298 1280 1344 sternere,

398 1353 585 1397 Coenam
606 1372 812 1412 apparare
830 1374 839 1400 t
871 1374 949 1414 pro
970 1374 1014 1400 se
1035 1359 1215 1414 quisque
1236 1360 1382 1402 sedulo

397 1419 600 1463 Faciebat
620 1437 704 1478 quo
724 1423 846 1465 illam
866 1423 975 1465 mihi
994 1424 1181 1466 lenirent
1200 1425 1430 1468 miseriam.

1856 1438 1901 1476 7⁵

397 1486 487 1529 Ubi
507 1488 631 1530 video
651 1489 769 1540 haec,
793 1490 912 1546 coepi
932 1490 1122 1547 cogitare
1141 1507 1150 1533 ε
1186 1496 1210 1514 “
1225 1492 1341 1534 Hem
1357 1492 1366 1534 l
1399 1497 1465 1535 tot
1484 1508 1580 1536 mea

396 1551 536 1594 Solius
557 1554 729 1596 soHiciti
749 1555 837 1597 sint
858 1571 995 1606 causa,
1017 1561 1066 1598 ut
1086 1572 1155 1599 me
1175 1573 1313 1599 unum
1333 1559 1535 1614 expleant
1549 1560 1570 1601 P

394 1616 594 1661 Ancillae
614 1624 678 1661 tot
697 1636 767 1662 me
786 1621 972 1663 vestiant
987 1622 1008 1663 P
1038 1627 1202 1664 sumtus
1223 1623 1339 1665 domi

395 1683 554 1727 Tantos
574 1701 654 1742 ego
675 1686 788 1728 solus
809 1687 964 1729 faciam
980 1688 1001 1729 ⁴?
1032 1688 1106 1730 sed
1127 1693 1309 1744 gnatum
1327 1689 1516 1741 unicum,

397 1749 536 1797 Quem
555 1752 718 1807 pariter
737 1753 804 1794 uti
822 1753 891 1795 his
913 1753 1069 1804 decuit,
1092 1758 1167 1796 aut
1188 1754 1320 1796 etiam
1340 1755 1536 1812 amplius,

293 1874 413 1905 “Nam
437 1884 542 1916 neque
556 1875 610 1907 ille
624 1876 687 1907 hoc
711 1877 818 1908 animo
842 1878 903 1909 erit
923 1880 1062 1909 aetatem

366 1928 471 1959 neque
485 1919 541 1959 pol
556 1922 593 1950 tu
608 1920 719 1951 eadem
734 1921 814 1952 istac
828 1921 967 1952 aetate.'’

279 1986 377 2017 Some
399 1986 547 2018 Editions
569 1988 633 2018 and
659 1990 874 2030 manuscripts
889 1990 964 2021 read
989 1993 997 2008 ⁴
1013 1991 1061 2021 Si-

278 2029 347 2059 mul
372 2039 440 2060 rem
467 2034 500 2061 et
525 2031 660 2070 gloriam
682 2033 783 2062 *armis
810 2032 886 2063 belli
911 2034 1060 2073 repperi!

278 2072 346 2103 But
359 2073 415 2103 the
430 2073 523 2104 order
537 2074 575 2104 of
594 2075 650 2105 the
665 2078 733 2106 text
754 2076 782 2106 is
804 2076 886 2107 best.
934 2079 942 2094 ⁴
954 2076 1059 2114 Belli,'

277 2115 343 2146 and
374 2116 549 2147 ‘militiae'
576 2128 629 2148 are
659 2118 774 2158 always
798 2119 899 2149 found
924 2119 958 2149 in
985 2130 1061 2150 con-

275 2158 422 2198 junction
445 2160 523 2190 with
547 2160 655 2190 ‘domi
665 2160 685 2198 ς’
710 2162 878 2192 otherwise
903 2172 950 2193 we
981 2163 1061 2193 have

279 2201 336 2231 ‘in
359 2201 468 2237 bello,'
495 2203 546 2232 ‘in
571 2203 716 2234 militia?
754 2205 818 2235 and
847 2205 903 2236 the
933 2216 1061 2246 expres-

278 2244 350 2275 sion
366 2247 474 2275 ‘arma
499 2245 594 2276 belli'
609 2247 636 2277 is
651 2247 755 2287 frigid.
801 2248 855 2279 On
880 2249 936 2279 the
962 2249 1061 2279 forms

279 2287 410 2325 ‘domi,⁷
427 2288 543 2326 ‘belli‚'
562 2289 731 2329 ‘militiae,'
749 2301 801 2322 see
811 2294 886 2323 note
896 2301 938 2322 on
948 2292 1060 2323 Eunu-

278 2330 358 2361 chus
373 2331 414 2361 iv.
432 2332 462 2367 7.
479 2333 532 2362 45.

322 2374 375 2405 65.
399 2375 457 2404 Ad
470 2375 594 2415 reyem]
643 2375 704 2406 See
718 2379 795 2407 note
817 2387 859 2407 on
882 2378 1060 2409 Eunuchus

277 2416 321 2448 iii.
350 2417 379 2448 l.
404 2417 436 2454 7.
481 2417 552 2448 The
577 2428 686 2458 young
704 2429 785 2450 men
811 2423 845 2451 at
878 2422 949 2452 that
982 2422 1060 2452 time

278 2469 364 2491 seem
380 2463 414 2491 to
429 2460 510 2491 have
524 2461 606 2491 been
621 2462 654 2492 in
669 2462 725 2493 the
747 2463 837 2493 habit
859 2464 896 2494 of
915 2465 1060 2505 entering

277 2503 334 2534 the
351 2503 480 2534 Persian
497 2504 615 2535 service
630 2505 722 2536 when
738 2506 855 2546 piqued
870 2507 903 2537 in
919 2508 1000 2546 love,
1023 2518 1060 2539 or

277 2546 445 2578 otherwise
471 2547 627 2578 thwarted
653 2548 696 2589 by
718 2549 802 2579 their
826 2555 966 2589 parents,
990 2551 1060 2590 just

277 2599 313 2620 as
349 2590 551 2631 now-a-days
589 2601 678 2622 some
714 2602 823 2632 young
870 2603 1059 2634 scapegrace

277 2632 382 2673 might
407 2633 504 2664 enlist
528 2634 563 2664 in
588 2634 644 2664 the
670 2635 776 2671 ranks,
797 2645 835 2666 or
856 2646 896 2676 go
918 2638 987 2667 into
1003 2638 1059 2668 the

276 2675 430 2707 Austrian
442 2677 569 2719 service.
603 2677 643 2708 In
654 2677 708 2708 the
721 2678 909 2709 ‘Mercator'
920 2680 956 2710 of
964 2681 1056 2711 Plau-

276 2722 340 2756 tus,
357 2729 405 2750 we
417 2720 498 2750 have
512 2730 532 2750 a
551 2719 663 2751 sketch
686 2720 724 2752 of
743 2731 762 2752 a
777 2725 891 2761 parent
910 2724 973 2753 and
998 2734 1057 2755 son

276 2762 380 2793 which
405 2773 482 2804 very
512 2763 608 2794 much
637 2764 810 2795 resembles
839 2765 895 2796 the
924 2777 1057 2807 passage

276 2805 385 2836 before
399 2816 449 2837 us.
472 2805 577 2837 There
591 2806 648 2838 the
663 2807 767 2838 father
781 2808 808 2839 is
823 2809 915 2840 made
930 2813 964 2840 to
980 2820 1054 2851 say:

288 2875 309 2891 “
324 2874 412 2910 Sese.
423 2875 586 2925 extemplo
603 2885 643 2907 ex
661 2876 793 2917 ephebis
817 2880 987 2919 postquam
1003 2889 1056 2910 ex-

319 2927 414 3033 NJ?
415 2927 477 2992 ⁵12³?
478 2921 551 3002 t:ago
579 2962 681 2993 amori
716 2973 821 3004 neque
857 2964 994 3004 desidiae
1022 2965 1057 2996 in

362 3013 382 3034 o
397 3013 428 3034 10

1850 1771 1897 1803 80

1152 1878 1299 1937 00018111,
1310 1879 1446 1918 dedisse,
1462 1889 1568 1921 neque
1581 1882 1775 1922 potestatem
1789 1882 1852 1915 sibi

1151 1922 1274 1953 Fmsse'
1369 1965 1544 2005 Mercator,
1561 1967 1687 2009 Prolog.
1702 1979 1734 2000 v.
1750 1970 1893 2002 6o—63.

1150 2025 1204 2060 70.
1227 2025 1347 2055 Animo
1373 2048 1382 2056 .
1409 2048 1418 2057 .
1446 2047 1455 2056 .
1476 2036 1562 2066 prae
1581 2028 1802 2070 aeqrc'tudine]
1851 2031 1860 2047 ⁴
1875 2029 1892 2060 1

1105 2071 1217 2098 return
1232 2068 1329 2098 home
1345 2069 1519 2105 sorrowful,
1545 2069 1608 2100 and
1631 2070 1709 2101 with
1731 2081 1786 2112 my
1801 2072 1891 2104 mind

1105 2111 1268 2151 generally
1298 2111 1463 2142 disturbed
1494 2112 1557 2142 and
1588 2114 1724 2154 unquiet
1756 2114 1807 2145 for
1836 2125 1892 2156 my

1105 2153 1204 2194 pain.'
1251 2154 1315 2184 For
1331 2156 1425 2194 ‘prae
1439 2154 1447 2169 ’
1465 2164 1517 2185 see
1543 2158 1620 2186 note
1643 2166 1687 2187 on
1712 2156 1837 2190 Andria
1857 2169 1889 2191 v.

1149 2240 1202 2276 76.
1234 2240 1312 2270 Mea
1329 2240 1440 2271 Solius
1465 2263 1472 2271 .
1499 2263 1508 2272 .
1534 2265 1542 2273 .
1570 2242 1694 2283 causa]
1744 2244 1820 2275 ‘On
1835 2255 1891 2286 my

1105 2285 1242 2313 account
1256 2282 1372 2314 alone!
1418 2284 1481 2315 We
1495 2285 1563 2315 find
1578 2285 1635 2316 the
1650 2296 1737 2317 same
1753 2286 1835 2319 form
1854 2289 1890 2320 in

1106 2325 1229 2365 Cicero,
1254 2326 1317 2356 Pis.
1334 2327 1376 2357 6:
1402 2327 1545 2358 “Juravi
1560 2329 1791 2369 rempublicam
1818 2341 1890 2363 mea

1105 2370 1200 2399 unius
1227 2379 1324 2409 opera
1349 2380 1419 2401 esse
1441 2371 1596 2403 salvam.''
1643 2372 1685 2403 In
1706 2373 1786 2404 such
1800 2384 1888 2406 cases

1105 2412 1162 2442 the
1188 2413 1326 2452 genitive
1353 2413 1390 2443 of
1415 2414 1472 2445 the
1497 2415 1653 2454 adjective
1677 2425 1788 2456 agrees
1809 2418 1888 2449 with

1103 2455 1160 2486 the
1174 2456 1312 2495 genitive
1334 2456 1465 2496 implied
1483 2457 1518 2488 in
1533 2458 1589 2489 the
1611 2460 1789 2499 possessive
1810 2471 1887 2501 pro-

1103 2508 1203 2529 noun.
1249 2499 1289 2529 In
1312 2499 1434 2537 Cicero,
1452 2501 1514 2532 Pro
1541 2501 1670 2533 Plancio
1686 2502 1730 2543 (c.
1750 2502 1817 2546 10),
1838 2514 1887 2535 we

1103 2542 1184 2572 have
1209 2552 1229 2572 a
1253 2552 1342 2573 more
1371 2553 1567 2575 uncommon
1595 2545 1757 2577 instance:
1790 2549 1811 2564 “
1824 2546 1887 2579 Cui

1103 2595 1221 2615 nomen
1249 2595 1355 2616 meum
1387 2586 1529 2618 absentis
1559 2587 1675 2619 honori
1702 2589 1826 2628 fuisset,
1857 2591 1886 2622 si

1103 2638 1190 2658 meas
1217 2630 1392 2668 praesentis
1421 2641 1531 2670 preces
1560 2641 1627 2662 non
1649 2635 1744 2672 putas
1774 2633 1884 2673 profu-

1102 2671 1163 2701 isse
1177 2670 1218 2701 ?”
1266 2672 1327 2703 We
1343 2676 1428 2704 meet
1443 2674 1520 2704 with
1535 2674 1591 2705 the
1606 2685 1694 2706 same
1713 2676 1828 2715 phrase
1850 2677 1884 2707 in

1103 2714 1218 2751 Greek,
1245 2725 1279 2745 as
1297 2715 1331 2745 in
1349 2716 1532 2756 Sophocles,
1549 2717 1693 2757 Oedipus
1709 2718 1778 2750 Col.
1791 2720 1883 2752 3442

1102 2757 1194 2797 τάμὰ
1211 2756 1383 2795 δυστήνου
1398 2759 1495 2791 κακά.
1541 2760 1668 2791 Electra
1682 2762 1744 2793 251
1761 2773 1769 2793 ι

1130 2814 1194 2856 ἐγὼ
1206 2816 1268 2856 μὲν
1281 2817 1306 2848 ὦ
1320 2819 1398 2857 παῖ,
1413 2818 1465 2849 καὶ
1484 2819 1523 2850 τὸ
1540 2819 1602 2851 σὸν
1618 2819 1798 2853 σπεύδουσ’
1810 2822 1881 2865 ἅμα

1132 2858 1187 2889 καὶ
1205 2859 1329 2902 τούμὸν
1345 2860 1452 2900 αὐτῆς
1469 2861 1588 2900 ἦλθον.

1103 2924 1163 2955 See
1183 2926 1275 2956 other
1296 2928 1456 2960 instances
1470 2929 1505 2960 in
1519 2929 1614 2962 Jelf’s
1637 2931 1744 2963 Greek
1766 2933 1881 2965 Gram-

1102 2977 1179 3006 mar,
1196 2971 1213 3007 §
1230 2971 1303 3006 467.
1319 2973 1351 3002 4.
1885 3000 1888 3003 -
