2020 3412
313 252 396 294 ΜΟ

311 365 381 394 cis-ci
412 365 493 395 sinit.
530 364 611 394 And.
637 365 681 394 iii.
709 364 739 401 5,
768 364 812 394 18.

314 404 398 433 Malo
412 414 466 442 ego
480 413 535 433 nos
549 404 713 442 prospicere
724 414 813 449 quam

313 443 396 471 hunc
419 442 521 472 ulcisci
546 446 666 481 accepta
692 442 813 481 injuria.

314 481 394 510 Eun.
424 482 464 510 iv.
493 480 522 518 6,
555 480 614 516 243
647 491 676 509 v.
704 481 733 516 4,
766 480 813 511 20.

315 519 447 558 Adelph.
464 520 506 549 iii.
526 519 555 555 2,
575 518 619 548 15.
662 519 814 557 Injuiium

313 563 416 587 autem
430 563 475 587 est
489 557 588 587 ulcisci
608 557 791 586 adversarios
802 559 816 587 ?

314 596 391 626 Hec.
407 597 426 626 i.
449 596 475 631 1,
491 595 536 626 15.
580 596 672 625 Hunc
686 596 815 634 impura-

314 640 381 664 tum
408 636 574 680 poterimus
601 641 703 663 nostro
726 634 816 662 modo

314 673 421 703 ulciscz.
445 673 567 702 Phorm.
585 683 611 702 v.
629 672 656 707 7,
671 672 719 707 69,
735 670 781 701 96.

353 711 444 746 ulcus]
476 711 557 747 Quid
582 711 684 739 minus
708 710 817 740 utibile

314 751 375 779 fuit
400 760 491 788 quam
506 749 562 778 hoc
576 749 657 778 ulcus
671 754 791 787 tangere
801 750 815 778 ?

316 789 440 818 Phorm.
456 789 493 817 iv.
510 788 539 823 4,
554 787 581 817 9.

353 826 444 864 ullus]
470 826 590 855 Censen
617 835 666 854 me
690 826 817 855 verbum

314 866 446 903 potuisse
469 864 562 894 ullum
582 864 745 903 proloqui?
765 869 818 893 aut

314 904 408 932 ullam
422 904 565 932 causam?
594 903 674 932 And.
691 903 710 931 i.
726 902 755 937 5,
769 902 815 932 21.

317 942 399 971 Nolo
422 942 478 971 tibi
503 941 598 970 ullum
623 941 816 970 commodum

315 983 347 1010 in
372 991 421 1010 me
445 980 590 1009 claudier.
620 980 699 1009 And.
719 979 762 1008 iii.
789 979 816 1015 3,

315 1019 363 1049 41.
406 1019 472 1048 Nec
494 1029 580 1047 mora
599 1018 662 1047 ulla
675 1023 721 1047 est
742 1018 816 1056 quin

315 1068 381 1087 eam
401 1067 526 1087 uxorem
547 1057 664 1086 ducam.
691 1057 772 1086 And.
788 1066 816 1086 v.

315 1097 344 1131 6,
366 1096 392 1127 7.
435 1096 521 1132 Quae
541 1106 587 1125 res
611 1096 643 1124 in
665 1105 695 1124 se
718 1105 757 1124 ne
781 1105 818 1124 ue

315 1134 477 1164 consilium
498 1144 599 1172 neque
620 1134 745 1162 modum
760 1105 818 1162 ‹lia-

315 1174 368 1202 bet
381 1173 482 1202 ullum.
506 1173 586 1202 Eun.
602 1173 621 1201 i.
637 1171 664 1207 l,
682 1171 726 1201 13.
770 1172 818 1201 Ne

314 1213 380 1241 vim
412 1212 502 1240 facias
531 1211 625 1240 ullam
658 1211 691 1239 in
721 1209 816 1239 illam.

316 1250 397 1279 Eun.
413 1251 453 1279 iv.
470 1249 498 1286 7,
515 1249 560 1281 37.
603 1249 647 1278 Ut
661 1258 817 1287 nunquam

314 1288 378 1317 ulla
388 1289 482 1317 amori
496 1292 594 1317 vestro
607 1288 740 1316 incidere
753 1297 818 1325 pos-

315 1328 355 1356 sit
367 1327 532 1356 calamitas.
555 1326 668 1356 Heaut.
680 1326 710 1355 ii.
726 1326 754 1360 4,
772 1324 816 1355 15.

316 1366 424 1403 Neque
445 1365 540 1403 legem
579 1369 646 1394 utut
666 1369 767 1394 tenere
788 1374 818 1393 se

315 1403 419 1433 ullam.
456 1403 557 1441 Adelp
582 1426 588 1432 .
612 1403 630 1432 i.
655 1402 684 1436 2,
710 1401 736 1432 6.
784 1402 817 1432 Si

314 1443 537 1510 sac3re2possim
547 1441 606 1470 ullo
617 1441 716 1471 modo.
740 1440 819 1471 Hec.

315 1482 345 1510 ii.
384 1504 391 1516 ,
426 1482 452 1512 ,4.

354 1518 494 1557 ulterior]
511 1518 568 1548 Sed
584 1528 688 1547 eccum
701 1518 816 1556 ipsum:

314 1558 392 1625 {lulis
406 1562 452 1587 est
471 1557 617 1587 ulterior?
638 1556 761 1586 Phorm.
777 1558 817 1587 iv.

354 1635 490 1673 ultimus]
523 1634 580 1663 Est
606 1633 684 1662 mihi
708 1633 819 1662 ultimis

315 1673 456 1703 conclave
475 1674 507 1702 in
526 1673 650 1702 aedibus
687 1673 817 1701 uoddam

315 1720 405 1742 retro.
436 1712 549 1741 Heaut.
565 1721 593 1741 v,
610 1710 637 1746 1,
651 1710 671 1740 2
692 1734 698 1740 .
742 1710 818 1746 Quis

315 1751 366 1780 hic
388 1756 432 1780 est
453 1759 555 1786 senex,
570 1759 662 1788 quem
676 1749 764 1778 video
786 1750 817 1778 in

315 1789 420 1819 ultima
431 1789 548 1827 platea?
562 1788 686 1817 Phorm.
698 1788 716 1816 i.
728 1787 757 1823 4,
769 1787 816 1818 38.

353 1828 448 1866 ultro]
484 1827 571 1858 Ultro
591 1827 628 1855 ad
650 1836 700 1855 me
723 1827 816 1855 venit.

318 1867 400 1896 And.
417 1867 436 1896 i.
454 1865 480 1902 1,
496 1865 543 1897 73.
582 1865 626 1894 Te
639 1865 718 1894 ultro
731 1875 818 1894 accu-

315 1905 393 1934 sabit
406 1916 412 1934 :
429 1910 460 1934 et
474 1904 556 1933 dabis
570 1904 598 1933 ei
613 1903 691 1932 ultro
706 1903 817 1941 suppli-

315 1945 408 1972 cium.
432 1943 512 1972 Eun.
528 1943 548 1971 i.
566 1941 593 1978 1,
609 1942 637 1978 8,
651 1941 699 1978 24,
714 1941 770 1975 25:
786 1942 816 1971 ii.

314 1981 344 2018 2,
361 1981 405 2011 19.
442 1981 522 2011 Novi
537 1981 692 2019 ingenium
707 1980 818 2009 mulie-

314 2030 405 2050 rum:
434 2019 544 2049 nolunt
566 2019 618 2048 ubi
641 2018 737 2055 velis;
765 2019 817 2048 ubi

314 2059 399 2126 1101ὶὲ
414 2068 452 2087 cu
474 2059 543 2087 iunt
563 2057 647 2086 ultro.
682 2057 761 2086 Eun.
778 2058 819 2087 iv.

315 2139 371 2164 tro.
399 2135 529 2173 Adelph.
554 2135 594 2163 iv.
618 2134 647 2171 3,
669 2135 697 2164 4.

315 2183 365 2202 am
391 2184 441 2202 me
471 2174 549 2202 ultro
576 2178 747 2202 accusatum
767 2173 820 2201 ad-

277 2246 279 2248 ,
315 2213 423 2240 venit?
445 2211 568 2240 Phorm.
584 2212 616 2239 ii.
636 2210 664 2246 3,
681 2210 726 2239 13.
768 2211 816 2240 cf.

316 2249 396 2279 Eun.
412 2259 440 2278 v.
456 2249 484 2281 2.
500 2248 547 2278 21.
591 2249 694 2277 Etiam
714 2258 818 2284 argen-

315 2295 383 2355 tutg
393 2291 439 2317 est
451 2287 530 2316 ultro
541 2286 702 2325 objectum.
725 2286 816 2316 Phor.

314 2336 343 2356 v.
379 2327 430 2362 ,4.

360 2364 433 2402 ιιηα]
473 2364 578 2400 Quum
611 2363 722 2401 quibus
755 2367 818 2392 erat

315 2412 535 2471 waste·
557 2402 600 2468 H
614 2411 677 2468 ἐἴ
697 2402 817 2469 deffere

312 2452 374 2509 unz
391 2451 579 2545 ciim'amicla]
594 2450 638 2507 ἰῗθ
655 2450 817 2545 ιιζιξιξέἐ-

313 2528 378 2547 rem
403 2528 434 2547 in
461 2527 518 2546 vla.
580 2526 631 2545 un.
654 2526 696 2546 m.
740 2539 747 2551 ,
808 2539 813 2546 .

319 2557 389 2587 Una
399 2557 508 2585 adsunt
521 2556 589 2584 tibi.
611 2554 723 2584 Heaut.
739 2555 771 2584 ii.
786 2554 815 2591 2,

473 2097 513 2125 ibi
528 2097 593 2125 fieri
615 2097 759 2134 injuriam
774 2096 819 2124 ul-

753 2134 819 2163 Eti—

315 2594 360 2624 12.
403 2595 522 2631 Quaeso
545 2598 580 2623 ut
606 2603 667 2622 una
694 2603 814 2622 mecum

312 2634 350 2662 ad
366 2639 492 2662 matrem
507 2632 630 2670 vii-ginis
644 2641 701 2661 eas.
725 2631 813 2661 Adel.

312 2672 352 2701 iv.
383 2671 410 2708 3,
434 2671 463 2702 7.
505 2671 586 2700 Cum
609 2671 729 2708 ‘virgine
755 2680 815 2699 una

311 2709 484 2739 adolescens
495 2709 642 2738 cubuerit.
667 2709 742 2737 Hec.
753 2709 772 2737 i.
785 2708 814 2744 2,

313 2748 359 2778 63.
407 2748 477 2778 Una
507 2752 608 2777 tecum
633 2748 712 2776 bona
736 2746 815 2776 mala

310 2786 516 2816 tolerabimus.
559 2786 685 2815 Phorm.
716 2786 759 2814 iii.
785 2785 815 2821 3,

350 2861 508 2900 unciatim]
532 2861 623 2898 Quod
637 2861 692 2891 ille
710 2862 813 2890 uncia-

309 2903 364 2931 tim
373 2903 425 2930 vix
437 2902 473 2930 de
487 2901 630 2929 demenso
644 2909 708 2936 suo,
723 2910 812 2929 suum

310 2940 472 2969 defrudans
493 2938 628 2977 genium,
652 2939 812 2977 comparsit

309 2978 412 3008 miser.
435 2977 558 3007 Phorm.
574 2977 595 3007 i.
611 2976 638 3012 1,
653 2976 681 3006 9.
697 3016 699 3018 ‚

1020 252 1217 296 INDEX

906 364 1021 404 unctus]
1061 365 1146 394 Tene
1178 363 1370 403 asymbolum

867 405 980 440 venire,
998 407 1116 433 unctum
1136 408 1226 442 atque
1250 402 1369 432 lautum

867 452 883 472 ο
899 441 1012 471 balneis
1022 443 1036 471 ἓ
1058 441 1181 486 Phorm.
1198 442 1229 470 ii.
1244 441 1274 478 2,
1288 441 1335 471 25.

905 480 1261 556 zzgv‘limlliilffnssbsonat,
1277 522 1369 556 potat,

868 556 929 602 olet
943 567 981 586 un
1003 556 1111 586 uenia?
1126 557 1163 586 de
1177 566 1254 586 meo.
1279 555 1369 586 Adel.

867 605 892 678 1,.
903 595 1027 678 {liguis}
1051 633 1096 662 Ut
1109 643 1162 671 ego
1174 632 1317 678 ynym'bus
1329 633 1371 662 fa—

868 670 926 700 cile
941 671 987 700 1111
1008 681 1040 700 ιιι
1055 671 1159 700 oculos
1173 671 1307 700 involem
1323 681 1371 701 ve-

868 710 964 739 nefico
975 711 989 739 ?
1012 709 1090 739 Eun.
1107 710 1146 738 iv.
1163 710 1190 746 3,
1206 710 1233 740 6.

907 747 1023 787 unicus]
1081 747 1208 778 Unicum
1250 752 1370 786 gnatam

869 796 954 815 suam
977 796 1048 816 cum
1071 787 1141 816 dote
1165 797 1284 816 summa
1307 786 1372 815 filio

869 835 996 854 uxorem
1019 830 1054 854 ut
1075 825 1168 855 daret.
1202 825 1286 855 And.
1303 826 1323 855 i.
1346 824 1372 861 1,

869 863 926 898 73;
948 864 991 892 ίὶἰ.
1009 862 1037 895 3,
1051 863 1078 893 8.
1112 863 1196 892 Huic
1208 864 1272 902 jam
1288 874 1373 893 man-

870 902 955 931 sisset
991 902 1093 931 unicus
1132 906 1239 939 gnatus
1279 903 1371 931 domi.

871 940 983 970 Heaut.
1000 950 1044 969 111.
1060 940 1089 976 2,
1103 939 1150 969 29.
1183 940 1255 970 Sese
1271 950 1373 970 senem

869 989 942 1014 esse,
958 979 1067 1014 dicere,
1087 978 1176 1008 illum
1192 984 1294 1008 autem
1309 980 1374 1008 uni—

869 1027 944 1062 capt.
968 1017 1044 1046 Hec.
1061 1018 1079 1046 i.
1102 1016 1200 1062 2,·43.
1244 1018 1326 1054 Quid
1349 1019 1372 1047 si

871 1056 965 1084 {iham
987 1066 1074 1085 suam
1095 1065 1212 1084 unwam
1236 1055 1374 1086 locaret?

871 1094 994 1123 Phorm.
1010 1095 1050 1124 iv.
1067 1093 1095 1130 3,
1109 1093 1157 1123 41.
1181 1094 1292 1124 Heaut.
1308 1095 1327 1124 i.
1346 1094 1372 1130 1,

871 1132 1072 1216 miggen-sus,
1083 1209 1089 1215 .
1099 1171 1265 1208 universus]
1295 1155 1373 1207 Hui,

871 1219 1039 1239 universum
1053 1209 1189 1255 triduum
1199 1211 1214 1238 Ρ
1226 1249 1232 1254 .
1244 1209 1324 1255 Eun.
1340 1211 1371 1239 ii.

871 1247 980 1353 {3310
993 1248 1373 1324 ..igzzssssb'ffizfl‘g’fisssm‘if

891 1324 918 1369 ξ).
961 1325 996 1353 Id
1024 1324 1080 1353 illa
1104 1325 1273 1369 μηὲυενεαηι
1295 1326 1374 1354 abri-

870 1363 1088 1436 pnezliztaezlqi
1104 1362 1279 1431 ¹‘Pit’relnlt-um
1294 1401 1373 1440 inju-

871 1440 932 1468 riae
965 1440 1134 1485 unjusmodi
1167 1446 1237 1469 sunt
1269 1440 1372 1470 ferme.

872 1477 1062 1555 Ηῗιῖιιῖαᾶνηῆ
1079 1477 1204 1546 assim.

909 1555 996 1593 unus]
1018 1554 1144 1584 Passim.

909 1594 1124 1638 unusquisquie]
1189 1593 1373 1638 Uuumquifl-

869 1631 1373 1709 {Zffiss‘ss‘ssrsssslfiffmffissipiff'¹1¹3ss

869 1709 898 1745 2⁹
914 1708 1098 1787 iciz'usquivis]
1153 1746 1223 1777 Una
1263 1747 1370 1776 harum

869 1786 988 1824 quaevis
1011 1795 1099 1815 causa
1125 1795 1175 1815 me
1203 1791 1237 1814 ut
1263 1786 1372 1815 faciam

869 1829 982 1854 monet.
1006 1825 1086 1853 And.
1103 1834 1130 1853 V.
1146 1825 1174 1858 4,
1190 1823 1215 1853 l.
1325 1862 1373 1892 hi-

908 1862 1093 1900 vocabulum]
1124 1862 1283 1900 Tanquam

870 1901 1064 1939 losophorum
1082 1901 1194 1930 habent
1213 1902 1309 1940 discip
1325 1903 1374 1930 ina

870 1950 909 2008 ἓξ
928 1941 998 1979 ipsis
1017 1939 1167 1969 vocabula.
1202 1939 1282 1969 Eun.
1297 1941 1328 1969 ii.
1344 1939 1373 1976 2,

909 2016 991 2056 voco]
1021 2017 1092 2046 Jam
1119 2016 1214 2046 ferme
1241 2017 1374 2046 moriens

871 2066 919 2085 me
933 2059 1024 2085 vocat.
1058 2055 1139 2084 And.
1155 2056 1174 2085 i.
1191 2055 1219 2090 5,
1233 2056 1279 2085 49.
1323 2056 1373 2084 Ad

871 2104 995 2124 coenam
1023 2097 1134 2123 vocant.
1175 2093 1256 2122 Eun.
1285 2094 1314 2122 ii.
1343 2093 1372 2130 2,

870 2133 917 2162 28.
961 2133 1021 2168 Qui
1041 2132 1170 2162 vocare?
1196 2131 1327 2170 Adelph.
1344 2142 1370 2161 v.

871 2171 899 2207 6,
915 2170 943 2206 3,
958 2176 989 2199 et
1002 2171 1119 2208 passim.

908 2208 986 2253 volo]
1008 2209 1091 2244 Quid
1103 2209 1220 2237 cessas?
1235 2230 1242 2237 .
1253 2229 1260 2237 .
1272 2230 1280 2237 .
1293 2207 1369 2237 vola.

872 2247 948 2276 Hec.
963 2247 1005 2275 iii.
1022 2248 1050 2282 4,
1063 2246 1110 2275 24.

908 2284 989 2323 volo]
1013 2285 1122 2313 Paucis
1141 2288 1170 2313 te
1183 2283 1256 2312 volo.
1288 2284 1368 2313 And.

870 2323 890 2353 i.
908 2322 934 2358 l,
953 2322 983 2351 2.
1026 2323 1074 2351 Its.
1093 2322 1158 2351 volo
1182 2323 1284 2360 itaque
1305 2331 1370 2359 pos-

868 2361 934 2390 tulo
957 2366 991 2390 ut
1010 2361 1070 2390 fiat.
1104 2361 1184 2389 And.
1207 2361 1248 2389 iii.
1271 2360 1299 2394 3,
1322 2359 1367 2390 18.

869 2400 947 2436 Quis
967 2409 1017 2429 me
1037 2398 1122 2428 vult?
1154 2399 1236 2427 And.
1254 2409 1280 2428 v.
1297 2397 1325 2434 3,
1342 2398 1367 2428 1.

868 2438 942 2467 Siue
965 2448 1015 2466 me
1037 2438 1194 2476 pervenire
1217 2447 1276 2475 quo
1294 2436 1367 2466 volo.

870 2476 950 2505 Eun.
975 2476 995 2504 i.
1023 2475 1051 2512 2,
1079 2475 1126 2504 44.
1171 2475 1289 2504 Nolunt
1316 2476 1367 2505 ubi

867 2514 939 2544 velis
949 2525 959 2543 .-
974 2514 1027 2543 ubi
1042 2513 1122 2543 nolis
1136 2515 1262 2551 cupiunt
1276 2513 1367 2544 ultro.

868 2552 949 2582 Eun.
971 2553 1011 2582 iv.
1039 2552 1068 2588 7,
1097 2552 1144 2581 43.
1186 2552 1296 2581 Omnis
1316 2562 1368 2581 vos

866 2596 964 2620 oratos
986 2590 1060 2620 volo.
1094 2590 1206 2619 Heaut.
1223 2589 1304 2619 Prol.
1319 2590 1366 2620 26.

868 2630 949 2666 Quid
963 2629 1008 2658 vis
1023 2629 1101 2658 tibi?
1132 2628 1245 2657 Heaut.
1261 2629 1280 2658 i.
1299 2628 1324 2664 l,
1340 2629 1365 2658 9.

869 2668 1026 2706 Numquid
1039 2667 1107 2696 vis?
1130 2667 1260 2705 Adelph.
1278 2668 1321 2696 iii.
1339 2667 1366 2703 3,

867 2706 912 2737 78.
938 2706 1037 2742 Quam
1053 2705 1162 2734 vellem.
1185 2705 1314 2743 Adelph.
1328 2706 1365 2735 iv.

869 2744 895 2780 l,
913 2744 957 2774 16.
999 2744 1083 2780 Quae
1108 2754 1262 2781 nunquam
1284 2745 1367 2781 quic-

867 2793 956 2822 quam
970 2792 1038 2820 erga
1057 2791 1105 2811 me
1125 2783 1300 2811 commerita
1313 2788 1366 2815 est,

866 2828 957 2860 pater,
972 2821 1052 2859 quod
1073 2819 1186 2849 nollem
1202 2830 1208 2848 :
1232 2826 1262 2849 et
1281 2830 1367 2858 saepe

866 2860 1004 2889 meritam
1059 2859 1118 2887 uod
1155 2858 1257 2887 vellem
1296 2860 1364 2887 scio.

868 2899 942 2928 Hec.
971 2898 1015 2927 iii.
1064 2920 1072 2932 ,
1105 2896 1151 2927 37.
1208 2897 1366 2935 Numquid

866 2936 949 2966 aliud
971 2945 1021 2965 me
1043 2935 1110 2964 vis?
1144 2934 1267 2964 Phorm.
1283 2936 1314 2964 ii.
1336 2934 1365 2972 2,

867 2974 933 3012 101,
948 2979 979 3004 et
992 2974 1101 3013 passim
1115 2973 1198 3003 alibi.

1458 363 1608 404 voluntas]
1649 364 1698 395 Tu
1724 369 1844 397 conduc
1868 371 1923 398 tua
1977 372 1981 377 '

1419 402 1567 432 voluntate
1589 413 1628 433 es.
1660 404 1743 434 And.
1758 405 1799 435 iv.
1823 404 1851 442 1,
1873 405 1921 436 84.

1421 441 1545 471 Praeter
1564 442 1676 471 civium
1695 451 1811 472 uxorem
1830 449 1923 483 utque

1420 479 1528 518 legem,
1551 485 1582 509 et
1606 481 1653 510 sui
1674 479 1853 511 voluntatem
1872 491 1924 521 pm-

1421 520 1483 548 tn's.
1520 519 1600 548 And.
1628 528 1658 549 v.
1687 518 1715 555 3,
1742 519 1770 549 9.
1812 519 1924 550 Diom-

1422 556 1503 586 filius
1547 562 1618 586 tuus
1666 561 1720 587 tun
1767 556 1922 588 voltam.

1422 594 1537 624 Heaut.
1551 605 1580 625 v,
1595 596 1624 631 4,
1639 594 1670 625 2.
1709 595 1798 632 Quod
1813 605 1867 626 vo·
1880 597 1925 627 vi·

1420 634 1500 670 cogit
1532 633 1563 663 id
1591 633 1739 663 nolanam
1772 634 1815 664 im
1854 639 1922 666 not.

1422 671 1554 710 Adelph.
1582 672 1625 702 iii.
1655 673 1684 706 4,
1708 671 1755 702 45.
1830 677 1843 702 t
1868 682 1924 703 m

1420 710 1567 739 voluntate
1587 711 1619 739 id
1663 707 1790 740 uod‘ent
1809 711 1923 741 facien·

1422 749 1494 777 dum
1514 749 1612 778 faciat.
1671 748 1767 779 horm.
1790 758 1820 779 v.
1844 749 1874 787 3,
1892 749 1922 780 2.

1423 787 1471 816 Cf.
1489 787 1570 816 Prol.
1587 786 1645 823 3ος
1666 787 1706 816 iv.
1721 787 1751 822 5,
1766 786 1812 817 13.

1461 825 1557 863 volvo]
1591 825 1670 855 Satis
1696 826 1748 855 diu
1776 825 1834 855 hoc
1863 826 1923 856 'cn

1423 873 1528 893 saxum
1543 863 1635 894 volvo.
1658 863 1740 894 Eun.
1754 874 1782 894 v.
1797 864 1828 901 8,
1881 887 1890 895 .

1461 901 1579 941 volupe]
1611 902 1697 932 Bene
1725 902 1861 939 factunm
1893 907 1926 933 et

1421 939 1527 979 volupe
1560 945 1614 970 est.
1652 940 1732 971 Hoc.
1761 950 1790 971 v.
1818 942 1848 978 4,
1876 939 1923 974 17.

1424 979 1539 1008 Venire
1578 978 1696 1008 salvum
1731 978 1836 1018 volupe
1867 985 1923 1010 ent.

1424 1016 1550 1046 Phorm.
1563 1018 1604 1047 iv.
1618 1017 1647 1051 3,
1661 1017 1689 1048 5.

1462 1055 1623 1101 voluptoeJ·
1635 1055 1740 1094 Egone
1755 1055 1847 1095 hujus
1858 1065 1927 1102 me·-

1423 1098 1763 1169 ffb‘zasssspfflffifefflff
1771 1094 1848 1162 13²⁸
1869 1133 1925 1162 ν.»

1422 1169 1550 1209 luptates
1562 1181 1666 1200 eorum
1708 1171 1823 1209 roprine
1843 1176 1923 1201 sunt.

1426 1209 1505 1238 And.
1522 1219 1548 1238 v.
1565 1209 1594 1246 5,
1608 1210 1636 1239 4.
1726 1219 1861 1239 metrum
1875 1219 1924 1239 σο-

1422 1246 1568 1285 luptatum
1601 1248 1740 1277 omnium
1774 1249 1925 1284 inventor,

1423 1285 1568 1324 inceptor,
1582 1286 1737 1324 perfector.
1759 1285 1839 1316 Eun.
1853 1285 1925 1324 ιδ,

1423 1324 1450 1353 4.
1501 1324 1724 1363 Voluptatemm
1783 1334 1833 1354 am
1845 1334 1926 1355 nun·

1424 1363 1488 1391 tias.
1521 1363 1634 1392 Heaut.
1657 1364 1677 1392 i.
1698 1362 1728 1399 2,
1768 1363 1797 1393 0.
1838 1363 1925 1394 Hm

1423 1410 1484 1429 non
1508 1401 1653 1440 voluptati
1679 1402 1736 1431 tibi
1759 1411 1823 1432 esse
1853 1402 1925 1432 nti·

1424 1444 1505 1468 certo
1532 1440 1602 1469 scio.
1638 1439 1751 1470 Heaut.
1776 1441 1796 1470 i.
1824 1439 1851 1477 l,
1876 1439 1922 1471 19.

1424 1477 1489 1506 Nec
1504 1479 1547 1507 fas
1560 1488 1623 1508 esse
1637 1478 1700 1508 ulla
1714 1488 1764 1508 me
1776 1478 1826 1508 vol

1423 1515 1473 1544 hic
1486 1516 1556 1546 frui.
1579 1517 1692 1547 Heaut.
1704 1517 1724 1547 i.
1738 1516 1765 1553 l,
1776 1517 1823 1549 97.
1857 1518 1925 1548 Ab·

1423 1558 1453 1583 te
1467 1560 1502 1583 ut
1517 1554 1672 1585 blanditiis
1685 1556 1747 1585 suis
1761 1566 1851 1594 quam
1866 1557 1924 1586 mi·

1423 1593 1507 1621 nimo
1528 1594 1622 1631 pretio
1642 1604 1727 1623 suam
1746 1593 1926 1633 voluptatem

1422 1631 1550 1700 ffsspleat.
1580 1632 1656 1662 Hec.
1672 1632 1693 1662 i.
1715 1631 1742 1670 1,
1759 1631 1812 1670 12;
1838 1633 1880 1668 iv.
1893 1633 1924 1672 2,

1459 1710 1544 1743 voro]
1558 1709 1628 1745 Quo
1639 1714 1724 1748 pacto
1732 1719 1771 1739 ex
1777 1710 1848 1749 jure
1856 1710 1924 1741 het·

1419 1750 1505 1813 tlgrno
1539 1757 1647 1817 piacla?
1679 1753 1781 1778 atrum
1813 1752 1923 1780 vomi.

1451 1795 1501 1814 un.
1518 1795 1546 1815 V.
1648 1809 1655 1815 .

1458 1825 1563 1892 m]
1579 1809 1711 1892 XM...
1720 1825 1922 1894 samu&

1422 1910 1523 1938 quam,
1535 1906 1570 1930 ut
1583 1911 1632 1931 me
1643 1901 1826 1932 ambulando
1839 1912 1922 1933 rum-

1422 1944 1513 1976 peret.
1536 1939 1612 1968 Hec.
1629 1940 1671 1969 iii.
1686 1940 1716 1976 4,
1729 1939 1778 1970 20.

1459 1977 1532 2016 vox]
1553 1978 1670 2008 Audire
1679 1979 1923 2010 mmvinsum

1421 2016 1511 2045 modo
1533 2017 1649 2046 militis.
1684 2016 1764 2047 Eun.
1785 2017 1829 2047 iii.
1847 2017 1877 2052 2.
1894 2017 1921 2049 1.

1423 2054 1531 2083 Matris
1556 2065 1614 2084 voa·
1641 2056 1705 2084 visa
1735 2060 1781 2085 est
1812 2055 1922 2086 Philu-

1422 2102 1537 2122 menae.
1559 2093 1635 2123 Hec.
1645 2093 1784 2130 iii.1,38.
1813 2094 1923 2133 Neque

1420 2140 1488 2160 voce
1501 2131 1561 2160 alia
1579 2142 1613 2161 ac
1633 2142 1680 2161 res
1699 2132 1840 2162 mouebat
1859 2133 1923 2172 ipse

1420 2174 1536 2234 poterat
1553 2170 1704 2207 conqueri.
1740 2170 1817 2200 Hoc.
1833 2171 1879 2200 iii.
1891 2171 1922 2208 3,

1440 2206 1468 2236 5.
1510 2208 1676 2238 Enimvero
1692 2218 1760 2238 voce
1779 2213 1825 2238 est
1837 2219 1921 2248 opus.

1421 2244 1544 2275 Phorm.
1570 2256 1597 2275 v,
1621 2246 1649 2280 7,
1671 2246 1719 2276 92.
1762 2247 1922 2278 Audivisoe

1418 2285 1702 2352 &mm-puirzmm
1711 2288 1757 2315 est
1764 2287 1920 2324 vagientis.

1455 2332 1496 2350 ec.
1513 2332 1553 2352 iv.
1589 2346 1596 2358 ‚
1631 2346 1638 2352 .

1457 2360 1598 2396 urbanus]
1619 2361 1812 2392 Clementem
1825 2363 1921 2393 vitun

1418 2398 1570 2429 urbanam.
1594 2399 1726 2438 Adelph.
1740 2401 1760 2429 i.
1778 2399 1806 2437 l,
1821 2400 1867 2434 17.
1960 2423 1961 2427 ,

1457 2437 1541 2475 urbs]
1586 2438 1694 2476 Neque
1726 2439 1788 2477 agri
1821 2449 1921 2478 neque

1418 2475 1498 2504 urbis
1512 2476 1618 2505 odium
1639 2487 1688 2506 me
1707 2486 1748 2506 un
1771 2487 1841 2506 unm

1418 2514 1498 2550 cipit.
1521 2514 1600 2544 Eun.
1614 2525 1641 2544 ν.
1651 2515 1680 2551 5,
1690 2515 1718 2544 2.
1797 2525 1851 2545 rvu
1865 2525 1919 2546 um

1418 2552 1454 2580 ad
1464 2553 1572 2582 eamin
1581 2553 1682 2582 urbem
1692 2554 1782 2583 misit.
1804 2553 1918 2584 Heant.

1418 2590 1437 2619 i.
1464 2590 1492 2624 2,
1516 2590 1561 2622 17.
1606 2591 1707 2630 Agelli
1727 2597 1773 2621 est
1792 2591 1843 2621 hic
1862 2593 1919 2622 sub

1418 2628 1486 2657 urbe
1530 2629 1644 2659 aulum.
1680 2629 1758 2660 Adel
1781 2630 1811 2660 h.
1836 2640 1864 2660 V.
1888 2630 1918 2668 8,

1417 2666 1463 2695 26.
1541 2678 1577 2696 uc
1592 2678 1659 2697 raro
1673 2669 1703 2697 in
1723 2679 1743 2698 ιι
1836 2678 1919 2698 com-

1417 2710 1508 2735 meat.
1542 2706 1618 2736 Hec.
1647 2707 1667 2736 i.
1691 2706 1720 2741 2,
1747 2706 1812 2736 100.
1867 2706 1918 2736 Ex

1416 2744 1484 2772 urbe
1499 2750 1532 2773 tu
1547 2755 1598 2774 rus
1609 2744 1777 2774 habitatum
1787 2745 1919 2784 migres?

1418 2782 1495 2811 Hee.
1505 2784 1544 2812 iv.
1556 2783 1585 2818 2,
1599 2782 1643 2812 13.
1686 2783 1761 2812 Pam
1781 2783 1918 2813 hilamne

1416 2820 1470 2865 huc
1475 2821 1558 2888 {1253
1558 2822 1666 2859 privari
1675 2822 1764 2851 sines.
1790 2821 1915 2852 Phorm.

1416 2869 1460 2887 111.
1559 2883 1565 2888 .

1416 2935 1436 2963 ii
1454 2882 1816 2966 αέὁ143σωτξοῒιὶῃιῖιῗιᾈ
1834 2897 1916 2966 233

1418 2973 1497 3003 Eun.
1513 2974 1556 3004 iii.
1572 2973 1600 3010 1,
1613 2973 1661 3004 48.
1903 3001 1906 3003 Α
