2020 3412
265 249 350 291 ΜΩ

264 363 404 392 nendum
430 367 486 392 est*
503 362 560 393 soli
591 363 657 393 sine
691 362 771 392 illa?

265 401 345 431 Eun.
363 402 402 432 iv.
418 401 447 439 2,
462 402 490 433 8.

304 441 465 479 biennium]
482 441 643 470 Biennium
653 441 694 470 ibi
706 450 771 479 per-

284 485 392 510 etuum
407 479 498 509 illum
514 480 581 510 tuli.
612 480 689 509 Hec.
706 481 725 509 i.
741 479 770 516 2,

302 558 377 597 bini]
421 557 471 587 Ex
498 558 629 597 praediis
658 557 771 587 talenta

263 598 379 636 argenti
406 597 475 626 bina
497 599 601 626 statim
626 598 768 636 capiebat.

264 636 347 707 ἔίῗα
366 637 500 675 quaeso?
541 636 665 665 Phorm.
690 646 718 666 v.
742 636 770 672 3,

288 698 360 754 'bis]
388 714 443 743 Bis
461 715 558 743 facere
573 713 667 742 stulte
683 714 768 743 duco.

264 753 340 783 Hec.
355 754 398 782 iii.
409 753 439 790 2,
449 753 476 782 8.
506 753 554 782 De
566 753 671 782 eadem
681 763 771 782 causa

262 792 305 822 bis
315 793 466 861 Ξ1Ξ111110111111
481 793 613 831 apiscier.
642 792 767 821 Phorm.

263 831 296 861 ii.
335 831 407 867 ‚59.

301 870 418 906 blande]
456 869 540 906 Quid
562 880 617 909 ego
640 871 769 909 possiem

261 909 368 938 blande
389 910 489 939 dicere
509 915 562 939 aut
585 910 712 948 benigne
725 910 770 939 fa-

262 959 338 978 cere.
356 948 488 988 Adelph.
498 959 525 978 V.
536 949 564 983 4,
574 948 622 978 24.
655 949 769 978 Blande

262 989 294 1017 in
329 989 457 1056 ri2ngipio
475 987 600 1027 alloqui.
644 988 767 1018 Phorm.

262 1037 294 1057 11.
332 1051 340 1063 ,
375 1034 402 1056 ·.

301 1066 476 1105 blandiciae]
508 1066 575 1096 Abs
595 1070 625 1096 te
639 1071 675 1096 ut
687 1066 769 1096 blan-

261 1105 346 1135 ditiis
378 1107 439 1135 suis
466 1116 554 1135 suam
580 1105 768 1145 voluptatem

262 1154 301 1174 ex
321 1145 391 1174 leat.
415 1145 491 1174 Hec.
508 1145 528 1174 i.
544 1145 573 1181 2,
591 1144 636 1174 12.

300 1156 439 1222 blandus]
465 1184 508 1213 Te
521 1184 604 1213 vivat
618 1194 767 1223 nusquam

260 1224 422 1291 {inaquam
437 1223 583 1253 blandior.
606 1223 683 1252 Hec.
699 1233 727 1253 v,
740 1224 768 1260 4,

300 1300 396 1339 bolus]
431 1301 561 1331 Crucior
575 1300 672 1330 bolum
691 1301 767 1330 mihi

261 1345 380 1370 tantum
409 1346 547 1377 ereptum
574 1351 591 1370 e
618 1341 766 1370 faucibus.

262 1379 376 1409 Heaut.
393 1379 432 1409 iv.
449 1379 478 1415 2,
493 1379 520 1409 6.

299 1418 425 1454 bonitas]
461 1419 642 1457 Bonitasque
669 1423 769 1448 vestra

260 1458 402 1496 adjutans
424 1462 515 1495 atque
537 1458 766 1496 aequanimitas.

261 1497 386 1526 Phorm.
405 1496 487 1526 Prol.
505 1496 552 1527 35.

299 1535 414 1571 bonum,
427 1535 540 1574 subst.]
569 1536 657 1565 Bona
668 1539 769 1565 nostra

260 1574 334 1605 haec
349 1576 406 1604 tibi
421 1576 575 1614 permitto.
606 1575 688 1604 And.
702 1575 721 1604 i.
738 1575 767 1611 5,

261 1613 308 1644 61.
366 1614 532 1644 Summum
566 1613 671 1643 bonum
704 1624 768 1644 esse

260 1654 350 1683 herae
370 1654 551 1693 deputabam
571 1653 654 1682 hunc
677 1653 767 1682 Pam-

259 1693 389 1732 philum.
423 1693 505 1723 And.
527 1693 568 1722 iv.
594 1691 621 1728 3,
637 1692 665 1721 2.
717 1693 767 1722 Ad

259 1742 310 1762 me
324 1732 389 1771 lege
403 1733 562 1762 redierunt
574 1732 658 1761 bona.
683 1732 766 1762 And.

261 1772 301 1801 iv.
318 1771 347 1807 5,
368 1772 395 1802 4.
438 1772 508 1801 Hoc
529 1776 613 1801 tanto
636 1775 698 1800 tam
720 1781 765 1800 rc-

297 1811 385 1840 ntino
403 1811 485 1840 bono.
518 1811 599 1840 And.
622 1820 651 1839 V.
672 1811 701 1847 4,
720 1810 765 1840 35.

289 1851 366 1880 atria
389 1851 442 1889 qui
463 1849 660 1888 abligurierat
682 1849 764 1879 bona.

261 1889 342 1919 Eun.
372 1890 401 1919 ii.
430 1889 459 1926 2,
488 1890 515 1919 4.
572 1890 599 1918 O
632 1889 675 1918 Ju
701 1890 766 1925 iter,

260 1939 347 1958 serva
358 1930 479 1958 obsecro
493 1929 566 1958 haec
581 1928 668 1957 nobis
678 1899 765 1957 gana.

261 1968 340 1997 Eun.
354 1978 380 1997 v.
394 1968 422 2003 8,
435 1967 480 1998 19.
504 1967 590 2004 Quae
601 1967 726 2006 quidem
736 1968 767 1996 in

259 2007 386 2036 homine
393 2008 537 2036 dicuntur
545 2007 628 2036 bona.
651 2006 764 2035 Heaut.

261 2047 281 2076 i.
307 2046 336 2083 2,
364 2046 410 2076 19.
469 2046 516 2075 Ne
541 2055 647 2085 expers
674 2046 767 2081 partis

261 2091 339 2115 esset
352 2086 388 2115 de
402 2087 514 2115 nostris
527 2085 615 2114 bonis.
652 2085 764 2114 Heaut.

260 2125 300 2154 iv.
332 2123 359 2159 1,
388 2124 434 2154 39.
491 2124 609 2153 Labore
643 2125 767 2153 inventa

260 2173 328 2192 mea
342 2164 391 2192 cui
407 2165 474 2193 dem
487 2163 570 2192 bona.
595 2163 708 2193 Heaut.
726 2164 764 2191 iv.

261 2202 288 2237 7,
301 2201 346 2232 13.
370 2202 423 2231 Me
434 2212 503 2231 mea
513 2204 615 2230 onmia
622 2201 697 2230 bona
704 2201 766 2230 doti

261 2241 375 2270 dixisse
391 2240 449 2269 illi.
484 2241 598 2269 Heaut.
615 2250 643 2268 v.
662 2239 688 2276 1,
705 2239 750 2268 69.

298 2279 399 2315 bonus]
432 2279 503 2308 Uno
518 2289 569 2308 ore
584 2289 689 2307 omnes
703 2288 766 2306 om—

260 2319 313 2348 nia
325 2318 402 2347 bona
416 2319 522 2348 dicere.
547 2317 628 2347 And.
641 2319 660 2346 i.
675 2316 701 2352 l,
717 2317 763 2348 70.

261 2358 349 2387 Bona
370 2358 472 2393 verba,
491 2367 610 2395 quaeso.
641 2356 721 2385 And.
745 2356 764 2384 i.

259 2396 289 2432 2,
299 2396 345 2427 33.
363 2396 481 2426 Bonum
491 2396 659 2434 ingenium.
682 2395 764 2424 And.

261 2437 306 2465 iii.
320 2435 384 2472 l,8.
417 2435 544 2474 Ingenio
555 2435 636 2464 bono.
683 2434 764 2462 And.

259 2475 302 2504 iii.
325 2474 355 2511 2,
371 2475 398 2507 7,
442 2474 562 2504 Interea
581 2473 698 2512 aliquid
719 2483 765 2501 ac-

260 2514 369 2543 ciderit
391 2513 466 2543 boni.
504 2513 586 2542 And.
608 2513 640 2541 ii.
664 2511 692 2548 3,
716 2511 765 2541 24.

262 2553 421 2592 Virginem
435 2553 533 2582 forma
551 2551 625 2581 bona
639 2551 765 2580 memini

260 2593 374 2622 videre.
404 2592 485 2621 And.
500 2592 533 2621 ii.
549 2591 578 2628 5,
597 2589 641 2623 17.
685 2589 766 2619 Eho-

262 2632 335 2660 dum
347 2631 417 2660 bone
430 2632 486 2667 vir,
516 2630 568 2659 uid
578 2630 663 2668 agis?
683 2629 764 2658 And.

262 2671 305 2700 iii.
336 2670 364 2707 5,
395 2669 439 2700 10.
519 2669 587 2699 alve
614 2668 683 2697 bone
709 2668 764 2697 vir.

264 2709 345 2739 And.
362 2720 393 2738 v.
408 2708 437 2746 2,
453 2708 480 2738 5.
524 2708 615 2745 Quod
630 2708 685 2737 tibi
699 2717 766 2736 eve-

261 2749 311 2778 nit
323 2748 400 2778 boni.
425 2748 505 2778 And.
523 2758 549 2777 v.
562 2747 591 2784 6,
602 2748 629 2776 4.
665 2746 768 2775 Bonus

262 2793 308 2818 est
334 2788 385 2816 hic
407 2788 464 2816 vir.
506 2787 539 2816 S.
567 2787 628 2816 Hic
655 2786 702 2815 vir
728 2786 768 2814 sit

261 2827 373 2856 bonus?
408 2826 489 2855 And.
514 2836 542 2855 v.
564 2826 594 2862 4,
619 2824 663 2854 12.
707 2824 767 2853 Hic

263 2875 385 2904 quoque
423 2865 530 2894 bonam
566 2873 767 2903 mag-namque

262 2909 378 2943 partem
399 2905 437 2933 ad
456 2909 485 2933 te
499 2903 613 2933 attulit.
650 2902 731 2932 Eun.
748 2903 766 2931 i.

262 2944 292 2980 2,
334 2943 382 2973 43.
447 2943 581 2972 Tametsi
614 2942 689 2971 bona
723 2947 768 2970 est

263 2989 384 3019 natura,
436 2982 569 3013 reddunt
627 2985 769 3010 curatura

261 3022 395 3060 junceas.
423 3021 506 3052 Eun.
527 3022 557 3051 ii.
573 3020 601 3059 3,
615 3020 662 3050 24.
706 3019 767 3049 Oui

977 246 1177 291 INDEX

821 361 915 400 magis
935 361 1025 390 bonae
1039 360 1201 390 felicitates
1222 369 1328 389 omnes

820 401 961 430 adversae
975 400 1062 429 sient.
1091 399 1170 429 Eun.
1187 399 1217 429 ii.
1235 399 1263 436 3,
1277 399 1325 429 33.

821 439 884 475 Qui
908 440 952 468 uti
968 440 1034 475 scit,
1049 439 1075 468 ei
1091 438 1176 474 bona,
1192 438 1244 477 qui
1265 449 1326 468 non

820 479 919 507 utitur
941 483 1031 514 recte,
1053 477 1143 508 mala.
1169 477 1282 507 Heaut.
1305 478 1324 507 i.

819 516 848 553 2,
866 516 914 545 22.
957 516 1019 552 Qui
1041 527 1139 555 neque
1157 517 1208 556 jus
1228 527 1327 555 neque

818 556 925 584 bonum
946 560 1038 595 atque
1062 566 1193 593 aequum
1215 557 1325 585 sciunt.

821 594 934 624 Heaut.
965 595 1005 623 iv.
1037 593 1064 631 l,
1091 594 1140 624 29.
1203 594 1326 624 Faciam

819 633 886 662 boni
907 634 965 663 tibi
987 633 1103 673 aliquid
1125 643 1179 672 pro
1207 634 1265 663 ista
1285 644 1324 663 re.

821 672 933 702 Heaut.
951 674 990 702 iv.
1007 674 1035 710 5,
1053 672 1098 702 15.
1142 673 1224 702 Istuc
1239 674 1326 712 aequi

818 711 946 751 bonique
969 712 1059 742 facio.
1095 711 1208 742 Heaut.
1233 713 1272 742 iv.
1297 713 1326 747 5,

820 751 867 780 40.
912 752 996 780 Bono
1017 751 1122 780 animo
1147 761 1186 781 es.
1212 751 1325 781 Heaut.

819 790 858 819 iv.
881 789 908 827 6,
933 789 980 820 18.
1024 790 1066 819 Di
1087 790 1163 820 boni.
1194 790 1325 829 Adelph.

821 829 863 858 iii.
876 829 905 866 3,
918 829 965 859 86.
1002 829 1127 859 Praeter
1135 839 1327 875 aequumque

820 875 850 897 et
871 868 985 898 bonum.
1023 868 1155 907 Adelph.
1180 879 1198 898 1.
1229 868 1255 902 1,
1278 869 1324 899 39.

821 907 905 943 Quin
913 913 946 937 tu
954 907 1026 937 bono
1033 908 1134 938 animo
1142 918 1182 937 es.
1195 907 1325 946 Adelph.

820 947 858 976 iv.
874 946 902 982 2,
911 948 938 976 4.
982 947 1089 984 Neque
1099 948 1173 976 adeo
1183 957 1220 976 ex
1232 957 1327 986 aequo

819 991 850 1015 et
864 985 944 1016 bono.
970 986 1101 1025 Adelph.
1115 997 1143 1016 v.
1157 986 1185 1023 9,
1197 985 1247 1016 30.
1289 987 1326 1016 In

820 1035 869 1054 me
884 1026 939 1055 tibi
953 1025 1021 1054 boni
1035 1026 1108 1064 quid
1126 1027 1175 1055 sit.
1205 1025 1281 1055 Hec.
1296 1036 1325 1055 v.

820 1065 848 1098 4,
872 1064 916 1094 11.
959 1064 1034 1094 Plus
1057 1065 1147 1094 hodie
1169 1064 1237 1094 boni
1256 1065 1325 1095 feei.

821 1103 896 1133 Hec.
914 1114 940 1133 V.
958 1105 986 1139 4,
1008 1103 1056 1133 39.
1099 1104 1228 1141 Bonam,
1246 1104 1327 1135 bonis

820 1147 1004 1182 prognatam.
1038 1143 1162 1173 Phorm.
1185 1144 1203 1173 i.
1227 1143 1256 1179 2,
1277 1143 1324 1173 66.

821 1182 861 1211 Ni
890 1183 935 1211 vis
962 1182 1031 1211 boni
1056 1182 1088 1211 in
1123 1183 1186 1221 ipsa
1214 1183 1326 1212 inesset

819 1221 896 1250 form
901 1231 925 1250 a.
943 1221 1067 1250 Phorm.
1076 1222 1095 1250 i.
1104 1221 1133 1256 2,
1141 1221 1186 1253 57.
1213 1221 1324 1257 Bonas,

819 1270 869 1289 me
902 1261 1036 1296 absente,
1069 1260 1119 1289 hic
1152 1261 1326 1290 confecistis

820 1300 947 1337 nuptias.
971 1299 1096 1328 Phorm.
1113 1300 1144 1329 ii.
1163 1299 1249 1336 l,28.
1291 1300 1325 1329 Si

819 1342 853 1367 tu
868 1337 999 1377 aliquam
1015 1343 1131 1377 partem
1142 1339 1230 1377 aequi
1245 1338 1324 1368 boni-

819 1387 877 1416 que
892 1378 1013 1408 dixeris.
1038 1378 1161 1407 Phorm.
1179 1379 1219 1407 iv.
1233 1377 1260 1414 3,
1277 1377 1323 1408 32.

822 1417 886 1445 Abs
907 1421 937 1446 te
960 1417 1015 1446 hoc
1039 1417 1114 1446 bona
1135 1417 1225 1447 venia
1245 1422 1323 1455 peto.

820 1455 943 1486 Phorm.
972 1456 1002 1485 ii.
1035 1455 1063 1491 3,
1089 1455 1135 1485 31.
1186 1456 1255 1485 Una
1282 1461 1324 1486 te-

818 1504 889 1523 cum
910 1494 986 1525 bona
1006 1495 1097 1532 mala,
1118 1494 1323 1525 tolerabimus.

820 1533 943 1563 Phorm.
957 1534 1001 1563 iii.
1015 1534 1042 1569 3,
1051 1534 1098 1564 23.
1143 1534 1192 1563 Tu
1203 1535 1234 1563 id
1244 1535 1324 1573 quod

817 1571 885 1602 boni
904 1578 949 1603 est
969 1574 1112 1612 excerpis.
1141 1573 1266 1603 Phorm.
1282 1574 1322 1604 iv.

818 1612 846 1646 4,
864 1611 909 1643 17.
953 1613 997 1641 Ut
1017 1616 1063 1642 est
1085 1612 1138 1642 ille
1158 1612 1247 1642 bonus
1266 1613 1322 1642 vir.

819 1650 944 1682 Phorm.
960 1652 1000 1682 iv.
1017 1652 1045 1688 3,
1061 1651 1108 1681 33.

856 1689 967 1730 brevis]
1021 1691 1220 1720 Occasionem
1261 1695 1324 1720 tam

816 1728 938 1759 brevem.
963 1730 1043 1760 Eun.
1056 1731 1099 1759 iii.
1116 1730 1144 1766 5,
1157 1730 1203 1762 57.
1247 1730 1324 1759 Tam

817 1769 847 1797 in
863 1768 946 1798 brevi
958 1770 1059 1808 spatio.
1084 1770 1197 1799 Heaut.
1213 1779 1242 1798 v.
1253 1768 1282 1805 2,
1294 1768 1321 1798 2.

818 1808 865 1837 Ne
881 1818 930 1837 me
944 1809 977 1837 111
991 1809 1075 1838 breve
1089 1808 1233 1847 conjicias
1247 1810 1323 1838 tem-

818 1848 992 1916 puigga2¹¹di⁰
1005 1848 1060 1877 hoc
1070 1847 1145 1878 falso
1157 1848 1224 1877 frui.
1246 1847 1322 1877 Hec.

818 1896 846 1915 v.
885 1910 892 1922 ,
930 1910 936 1916 .

855 1925 973 1961 bruma]
1005 1926 1089 1956 Ante
1109 1926 1244 1955 brumam
1268 1924 1322 1954 ali-

838 1965 892 1994 uid
932 1966 1004 1994 novi
1044 1966 1147 2004 negoti
1181 1965 1321 2004 incipere.

844 2003 940 2034 horm.
958 2006 997 2034 iv.
1013 2005 1042 2037 4,
1057 2004 1104 2034 28.

855 2043 1004 2082 ΒμννῘιία]
1023 2044 1106 2080 Quid
1114 2044 1157 2072 ais
1165 2042 1300 2082 Byrrhia
1309 2043 1322 2072 12

819 2082 898 2111 And.
916 2083 946 2111 ii.
965 2082 991 2118 1,
1006 2082 1030 2112 l.
1076 2083 1123 2112 Ibi
1138 2083 1215 2111 forte
1230 2082 1323 2120 hujus

818 2122 905 2151 video
912 2121 1086 2159 Byrrhiam.
1106 2122 1188 2151 And.
1197 2121 1229 2150 ii.
1237 2121 1266 2158 2,
1273 2121 1320 2150 20.

856 2237 1076 2275 Cadaverosus]
1130 2237 1323 2267 Cadaverosa

815 2276 896 2305 facie.
923 2276 998 2305 Hec.
1016 2277 1059 2305 iii.
1076 2277 1104 2312 4,
1118 2275 1167 2306 27.

855 2315 946 2353 cado]
992 2315 1038 2344 Ne
1059 2319 1113 2343 aut
1134 2314 1187 2344 ille
1209 2313 1321 2350 alserit‚

816 2358 869 2382 aut
884 2354 999 2391 uspiam
1015 2354 1159 2383 ceciderit.
1190 2353 1319 2391 Adelph.

818 2393 836 2421 i.
856 2391 881 2427 l,
902 2391 945 2421 12.
989 2392 1120 2422 Homini
1143 2391 1213 2421 ilico
1233 2391 1322 2421 lacri-

816 2441 883 2460 mae
897 2431 1016 2466 cadunt,
1033 2432 1115 2470 quasi
1134 2441 1236 2468 puero,
1251 2441 1322 2469 gau-

817 2470 876 2499 dio.
901 2470 1032 2509 Adelph.
1049 2471 1088 2499 iv.
1104 2469 1129 2505 l,
1140 2470 1188 2500 20.
1232 2470 1321 2506 Quod

816 2509 1060 2577 mznjmeAgpps}
1080 2514 1125 2554 est
1149 2509 1238 2579 371ιο12ιὲ
1259 2519 1321 2538 11011

815 2557 850 2576 ea
875 2558 905 2576 ι.
1001 2559 1017 2578 e
1063 2559 1080 2577 ι.
1098 2558 1139 2577 iV.
1241 2572 1246 2577 .

857 2586 1017 2625 Caecilius]
1032 2559 1050 2587 p
1070 2587 1152 2623 Quas
1177 2572 1321 2624 'primum

817 2625 1028 2693 1(Ξάιειιηῖἑ(1111101
1040 2636 1143 2656 novas.
1166 2626 1242 2655 Hec.
1255 2626 1319 2656 Alt.

845 2674 899 2693 ro.
939 2686 946 2694 .

855 2703 957 2738 caedo]
999 2704 1182 2733 Verberibus
1206 2714 1321 2733 caesum

817 2746 846 2771 te
861 2742 893 2771 in
925 2743 1075 2772 ›istrinum
1097 2743 1213 2772 dedam.
1239 2743 1319 2772 And.

817 2783 834 2818 i».
849 2780 878 2815 2,
894 2780 913 2810 2
935 2805 941 2810 .
986 2782 1033 2810 Tu
1048 2781 1117 2810 illos
1131 2781 1233 2820 procul
1249 2782 1321 2811 hinc

817 2830 854 2849 ex
869 2820 989 2850 occulto
1007 2821 1150 2850 caederes.
1182 2821 1261 2850 Eun.
1279 2822 1319 2851 iv.

817 2858 845 2896 7,
862 2858 906 2893 17.
951 2859 1035 2889 Dum
1051 2869 1204 2889 sermones
1222 2860 1320 2889 caedi—

817 2908 889 2927 mus.
912 2898 1024 2928 Heaut.
1041 2899 1071 2927 ii.
1089 2899 1117 2935 3,
1134 2898 1158 2928 l.

818 2936 1320 3015 ΗὲἷὲῗἼῙδνιίἕὲἰῐὸῖῗὲρὶῗῗῗέξ

817 3025 877 3053 sus,
891 3000 1016 3046 caesius?
1035 3015 1111 3046 Hec.
1128 3016 1171 3045 iii.
1188 3016 1216 3052 4,
1231 3015 1279 3046 26.

1415 359 1587 400 calamitas]
1608 358 1710 389 Fundi
1722 360 1817 390 nostri
1831 370 1883 391 ca·

1376 397 1507 428 lamitas.
1531 398 1610 428 Eun.
1628 399 1647 428 i.
1663 398 1689 434 l,
1703 398 1751 429 34.
1794 399 1882 430 Nun-

1397 447 1469 466 uam
1489 437 1553 466 ulla
1577 438 1671 467 amori
1692 442 1791 468 vestro
1805 438 1882 468 inci-

1397 487 1446 506 ere
1463 477 1555 515 possit
1575 476 1740 507 calamitas.
1767 477 1881 508 Heaut.

1377 516 1406 545 ii.
1428 517 1457 552 4,
1481 515 1526 545 15.
1570 515 1692 545 Novum
1717 516 1883 546 intervenit

1376 555 1485 584 vitium
1519 561 1551 584 et
1583 554 1747 584 calamitas.
1803 555 1881 585 Hec.

1377 593 1459 623 Prol.
1475 593 1502 624 2.
1546 593 1624 623 Eam
1639 594 1783 633 oppressit
1799 593 1882 623 cahi-

1376 634 1472 662 milas.
1517 632 1595 662 Eam
1605 632 1806 670 calamitatem
1816 643 1882 663 ves-

1377 677 1422 700 tra
1436 671 1640 710 intelligentia
1653 672 1779 702 sedabit.
1802 671 1880 702 Hec.

1378 710 1442 740 Alt.
1462 710 1542 741 Prol.
1558 710 1607 743 22.
1621 710 1669 740 23.

1414 749 1540 788 calesco]
1575 750 1696 780 Accede
1719 750 1757 779 ad
1778 750 1882 789 ignem

1375 787 1468 826 hunc,
1483 789 1548 828 jam
1569 788 1690 819 calesces
1709 788 1780 828 plus
1799 790 1880 819 satis.

1377 828 1459 858 Eun.
1474 829 1494 858 i.
1510 828 1540 864 2,
1554 827 1581 858 5.

1414 867 1542 906 calidus]
1585 867 1664 896 Vide
1688 877 1728 896 ne
1748 867 1900 898 nimium-

1375 906 1506 936 calidam
1515 906 1572 935 hoc
1584 906 1624 936 sit
1635 907 1733 936 modo.
1757 906 1838 936 Eun.
1848 907 1880 937 ii.

1414 984 1522 1023 calleo]
1567 984 1636 1021 Quo
1656 990 1742 1023 pacto
1762 984 1794 1013 id
1815 984 1881 1014 fieri

1376 1022 1470 1053 soleat
1483 1023 1583 1053 calleo,
1607 1024 1721 1053 Heaut.
1734 1023 1777 1052 iii.
1789 1022 1819 1059 2,
1831 1023 1879 1055 37.

1377 1062 1441 1102 Ego
1457 1062 1541 1092 illius
1550 1073 1671 1092 sensum
1682 1061 1806 1102 pulchre
1818 1062 1881 1092 cal-

1375 1101 1428 1131 leo.
1452 1102 1585 1140 Adelph.
1602 1103 1642 1131 iv,
1659 1100 1686 1139 l,
1705 1101 1748 1133 17.

1413 1141 1536 1179 callide]
1581 1141 1673 1178 Quid,
1699 1140 1757 1170 hoc
1789 1140 1882 1170 intel-

1375 1179 1496 1209 lextin?
1524 1180 1563 1210 D.
1578 1179 1772 1210 Imocallide.
1797 1179 1879 1209 And.

1374 1219 1392 1248 i.
1428 1219 1457 1255 2,
1494 1219 1539 1249 30.
1597 1219 1666 1248 Hoc
1699 1219 1798 1248 facito.
1847 1218 1880 1249 S.

1377 1258 1471 1288 Recte
1493 1269 1572 1288 sane.
1617 1258 1656 1288 D.
1681 1258 1750 1287 Hoc
1773 1258 1879 1296 fugito.

1376 1298 1407 1327 S.
1431 1297 1557 1327 Callide.
1582 1296 1671 1327 Adel.
1687 1298 1733 1326 iii.
1749 1297 1777 1334 3,
1793 1296 1840 1326 63.

1415 1336 1643 1375 Callidemides]
1654 1336 1881 1367 Callidemidem

1375 1375 1527 1415 hospitem
1540 1376 1730 1414 Myconium.
1747 1375 1824 1406 Hec.
1833 1376 1878 1406 iii.

1374 1415 1403 1448 4,
1420 1414 1464 1444 18.
1509 1415 1595 1444 Dum
1610 1421 1750 1453 exspecto
1765 1415 1796 1444 in
1813 1424 1880 1444 arce

1376 1453 1609 1483 Callidemidem.
1648 1454 1724 1483 Hec.
1748 1464 1777 1483 v.
1800 1453 1830 1490 3,
1850 1453 1878 1484 3.

1376 1493 1418 1522 Es
1446 1498 1479 1522 tu
1505 1493 1690 1531 Myconius?
1717 1503 1780 1522 non
1800 1503 1879 1529 sum,

1374 1538 1405 1601 {t
1420 1532 1652 1562 Callidemides?
1666 1542 1737 1562 non.
1761 1532 1837 1562 Hec.
1849 1543 1878 1562 v.

1412 1609 1580 1648 calliditas]
1641 1609 1730 1640 Servi
1769 1620 1880 1640 venere

1373 1649 1406 1678 in
1427 1657 1562 1679 mentem
1586 1649 1656 1687 Syri
1690 1648 1878 1680 calliditate-⁹.

1376 1689 1488 1718 Heaut.
1506 1699 1533 1719 v.
1552 1687 1578 1725 l,
1595 1688 1640 1717 14.

1413 1727 1552 1766 callidus]
1581 1726 1671 1757 Velle
1692 1727 1724 1757 in
1738 1737 1774 1757 ea
1786 1737 1819 1757 re
1832 1738 1880 1757 os-

1374 1767 1458 1796 tendi
1474 1777 1565 1805 quam
1579 1766 1620 1796 sis
1633 1765 1770 1796 callidus.
1794 1767 1880 1797 And.

1374 1806 1394 1835 i.
1410 1805 1439 1842 2,
1454 1805 1501 1839 27.
1545 1805 1612 1835 Vah
1633 1805 1798 1836 consilium
1818 1806 1879 1836 cal-

1373 1844 1477 1874 lidum.
1509 1845 1589 1874 And.
1609 1844 1653 1874 iii.
1674 1846 1703 1881 4,
1721 1843 1765 1874 10.
1808 1845 1880 1875 Cal-

1373 1883 1468 1913 lidum
1482 1888 1514 1914 et
1527 1884 1674 1914 disertum
1689 1884 1804 1914 credidi
1825 1884 1879 1914 ho-

1374 1924 1500 1953 minem.
1522 1923 1602 1952 Eun.
1615 1933 1643 1953 v,
1657 1922 1685 1960 6,
1697 1922 1742 1952 10.
1771 1923 1881 1962 Siquid

1394 1967 1481 1999 otest,
1505 1962 1634 1992 meliore
1660 1967 1692 1992 et
1713 1961 1878 1992 callidiore.

1403 2002 1499 2031 horm.
1523 2002 1543 2031 i.
1558 2002 1588 2038 4,
1603 2000 1651 2031 50.
1693 2001 1768 2040 Εςο4
1781 2001 1879 2031 homi-

1373 2051 1444 2070 nem
1450 2040 1634 2070 callidiorem
1641 2041 1703 2070 vidi
1713 2041 1878 2071 neminem.

1374 2080 1500 2109 Phorm.
1515 2080 1554 2109 iv.
1571 2079 1599 2115 2,
1617 2078 1643 2109 l.

1411 2118 1493 2158 calm]
1538 2119 1624 2148 Faxo
1646 2117 1772 2147 calcibus
1793 2127 1880 2157 saepe

1373 2157 1535 2187 insultabis
1554 2157 1671 2186 frustra.
1702 2156 1783 2186 Eun.
1800 2157 1832 2186 ii.
1848 2157 1878 2193 2,

1374 2197 1420 2225 54.
1454 2197 1626 2226 Adversum
1643 2195 1806 2225 stimulum
1818 2195 1879 2225 cal·

1372 2245 1424 2264 ces,
1448 2235 1572 2264 Phonn.
1589 2235 1609 2263 i.
1625 2234 1653 2271 2,
1667 2234 1717 2264 28.

1411 2275 1509 2311 canis]
1535 2274 1631 2303 Canes
1644 2274 1681 2302 ad
1692 2274 1877 2304 venandum.

1375 2313 1455 2343 And.
1491 2313 1510 2341 i.
1540 2312 1566 2349 l,
1596 2312 1643 2341 30.
1705 2313 1768 2342 Ain
1797 2322 1878 2349 vero,

1372 2352 1473 2381 canis?
1490 2352 1569 2381 Eun.
1585 2352 1625 2381 iv.
1636 2351 1664 2388 7,
1674 2350 1721 2381 33.
1746 2351 1879 2382 Cervam

1374 2391 1476 2420 videre
1490 2391 1603 2427 fugere,
1618 2395 1648 2420 et
1661 2391 1768 2420 sectari
1781 2400 1877 2421 canes.

1375 2429 1498 2459 Phorm.
1526 2429 1608 2459 Prol.
1632 2429 1661 2461 7.
1702 2429 1826 2459 Introiit
1846 2429 1878 2459 in
1936 2428 1938 2430 ’

1372 2470 1453 2498 aedis
1462 2475 1525 2537 ειᾷει·
1534 2468 1653 2498 alienus
1665 2469 1756 2499 canis.
1785 2468 1877 2498 Phor.

1374 2509 1414 2538 iv.
1431 2509 1459 2544 4,
1495 2508 1522 2538 5.

1411 2551 1496 2581 cano]
1535 2545 1730 2577 Cantilenam
1749 2546 1878 2575 eandem

1371 2586 1461 2615 canis.
1483 2586 1607 2615 Phorm.
1619 2586 1663 2614 iii.
1676 2584 1705 2620 2,
1719 2584 1764 2614 ll.
1803 2584 1879 2615 Gal-

1372 2624 1436 2654 lina
1450 2625 1559 2654 cecinit.
1583 2624 1710 2654 Phorm.
1726 2624 1767 2653 iv.
1784 2623 1813 2661 4,
1826 2623 1875 2658 27.

1412 2663 1581 2702 Canthara]
1603 2663 1674 2692 Vidi
1692 2662 1878 2693 Cantharam

1372 2703 1606 2732 suffarcinatam.
1630 2702 1713 2731 And.
1728 2702 1769 2731 iv.
1784 2701 1814 2737 4,
1827 2701 1877 2732 30.

1411 2741 1572 2780 cantilena]
1604 2740 1792 2771 Cantilenam
1806 2750 1877 2770 ean-

1373 2782 1441 2811 dem
1456 2782 1546 2810 canis.
1570 2780 1694 2809 Phorm.
1710 2780 1745 2809 iii
1769 2778 1800 2815 2,
1816 2778 1862 2809 10.

1410 2821 1532 2856 cantito]
1565 2819 1609 2848 Ut
1628 2819 1738 2848 habeas
1752 2819 1876 2857 quicum

1371 2859 1498 2888 cantites.
1525 2857 1652 2896 Adelph.
1669 2858 1709 2887 iv.
1726 2857 1754 2893 7,
1769 2856 1816 2887 32.

1410 2897 1508 2935 canto]
1524 2897 1596 2926 Pam
1619 2896 1718 2925 hilum
1726 2899 1877 2925 cantatum

1372 2946 1576 2975 provocemus.
1634 2945 1686 2964 un.
1709 2935 1754 2967 iii.
1779 2934 1804 2970 l,
1826 2934 1874 2964 53.

1374 2975 1435 3012 Qui
1463 2975 1574 3004 harum
1608 2984 1705 3003 mores
1738 2973 1877 3003 cantabat

1372 3014 1459 3045 mihi.
1488 3014 1603 3044 Heaut.
1624 3013 1657 3043 ii.
1674 3012 1703 3050 3,
1719 3012 1764 3043 19.
1807 3011 1876 3051 Hy-

2011 2439 2014 2446 >
2007 2400 2012 2405 Ν
2006 2103 2020 2349 *xmae-mmmmm...
2015 2088 2020 2092 .
2013 2071 2020 2076 2
