2020 3412
267 233 354 278 544

265 359 341 379 vum
355 349 457 388 potius
467 349 533 380 ibit.
550 349 675 381 Phorm.
689 351 730 381 iv.
741 350 771 389 4,

268 387 313 418 15.
348 389 418 418 Non
426 388 561 427 postulat
570 413 577 420 .
619 400 674 419 sua
681 400 772 420 causa

265 427 390 457 excludi
410 432 550 458 caeteros.
583 428 663 458 Eun.
683 430 726 459 iii.
742 429 771 467 2,

265 466 313 496 28.
371 467 436 506 Ego
463 466 583 497 liberali
610 468 696 498 illam
726 479 771 498 as-

266 515 331 535 sero
345 516 435 535 causa
448 516 551 536 mauu.
586 506 676 536 Nunc
691 508 770 544 vide,

266 551 372 574 utrum
386 546 443 582 vis,
455 550 614 584 argentum
628 547 770 585 accipere,

265 594 305 613 an
341 594 462 614 causam
498 585 639 614 meditari
675 590 769 615 tuam.

266 623 400 662 Adelph.
426 624 456 653 ii.
485 623 511 660 1,
536 623 584 660 40,
606 623 652 653 41.
707 625 770 653 Ad-

265 672 432 692 vursumne
459 662 550 692 illum
577 673 697 692 causam
726 663 771 692 di-

265 712 365 731 cerem
403 703 452 731 cui
491 711 631 730 veneram
679 703 770 731 advo-

264 742 375 770 catus?
414 740 546 779 Adelph.
583 741 623 769 iv.
659 740 689 777 5,
722 741 770 770 42.

265 779 334 809 Etsi
348 780 404 809 tibi
424 790 516 809 causa
535 784 580 809 est
594 780 631 808 de
652 779 707 810 hac
728 790 769 810 re.

266 818 344 848 Hec.
379 819 419 848 iv.
455 819 483 855 4,
519 818 545 848 3.
603 818 768 858 Postquam

263 857 418 887 ademtam
453 857 531 887 hanc
564 867 684 897 quoque
713 859 769 888 tibi

263 906 386 926 causam
408 897 501 926 vides.
529 897 604 926 Hec.
622 897 661 927 iv.
677 898 708 934 4,
721 898 768 928 58.

266 935 355 965 Alias
369 940 403 965 ut
418 936 463 965 uti
485 936 598 975 possim
611 946 701 966 causa
717 937 770 966 hac

263 975 388 1014 integra.
411 975 510 1005 Hec.i
535 975 565 1012 2,
580 975 607 1005 5.
652 975 700 1006 De
715 976 770 1005 tali

263 1024 362 1044 causa.
401 1014 477 1044 Hec.
507 1024 534 1044 V.
567 1014 593 1051 l,
621 1014 668 1044 31.
726 1016 770 1045 Te

263 1053 576 1122 'causiaeligipgllebant
587 1053 678 1083 leves.
690 1054 767 1084 Hec.

265 1102 310 1122 111.
344 1117 351 1130 ,
405 1117 411 1123 .
466 1103 552 1123 mnes
565 1103 672 1122 causas
686 1104 770 1132 piae-

263 1132 363 1161 cidam
385 1132 540 1162 omnibus.
575 1132 652 1162 Hec.
676 1133 715 1162 iv.
740 1132 769 1170 2,

263 1170 313 1200 22.
342 1171 445 1208 Quum
462 1172 551 1210 fingis
563 1171 653 1201 falsas
666 1181 771 1202 causas

264 1210 301 1238 ad
316 1210 507 1240 discordiam.
531 1210 606 1240 Hec.
623 1211 663 1240 iv:
676 1211 705 1247 4,
720 1210 768 1245 71.

265 1248 348 1278 Puer
387 1259 478 1279 causa
515 1251 572 1279 erit
613 1251 767 1280 mittendi.

264 1287 391 1319 Phorm.
411 1289 431 1318 i.
455 1288 543 1326 1,16.
585 1289 709 1318 ,Iustam
732 1289 769 1318 il-

263 1326 325 1356 lam
352 1338 483 1364 causam,
510 1327 644 1365 facilem,
672 1328 769 1358 vinci-

263 1366 369 1403 bilem,
386 1367 542 1406 optimam.
566 1367 691 1397 Phorm.
708 1369 727 1396 i.
740 1368 768 1404 4,

262 1406 311 1435 48.
347 1406 448 1442 Quam
462 1416 581 1435 causam
596 1407 770 1445 reperient?

264 1445 396 1474 Causam
430 1446 546 1475 tradere
580 1446 768 1476 adversariis.

263 1483 389 1514 Phorm.
421 1484 453 1514 ii.
492 1483 519 1521 1,
554 1485 582 1520 4,
613 1484 643 1516 7.
697 1485 768 1514 Νοιι

263 1533 385 1553 causam
413 1524 481 1553 dico
509 1523 594 1562 quin.
637 1524 768 1554 Servum

262 1562 421 1592 hominem
440 1573 563 1592 causam
584 1573 668 1592 orare
688 1563 769 1602 leges

261 1612 323 1631 non
335 1603 450 1632 sinunt.
480 1602 605 1632 Phorm.
621 1602 653 1632 ii.
679 1602 704 1640 l,
720 1603 769 1640 42,

262 1641 309 1671 62.
371 1642 532 1671 Judicium
580 1642 617 1671 de
661 1643 768 1672 eadem

261 1690 352 1710 causa
366 1681 479 1710 iterum
498 1685 534 1710 ut
551 1681 677 1710 reddant
698 1682 766 1718 tibi,

263 1721 300 1749 de
321 1720 427 1749 eadem
447 1730 538 1749 causa
552 1720 766 1765 bisjudicium

262 1759 429 1798 adipiscier.
477 1759 568 1789 Phor.
597 1760 628 1789 ii.
661 1759 688 1795 3,
717 1759 766 1796 57,

263 1798 310 1828 59.
354 1799 441 1835 Quae
476 1807 568 1828 causa
591 1803 636 1828 est
662 1799 766 1838 justis-

261 1838 346 1868 sima.
369 1838 494 1867 Phorm.
510 1838 549 1867 iv,
566 1838 594 1874 4,
607 1837 655 1867 29.
700 1838 766 1867 Ali-

262 1877 335 1915 quid
380 1877 493 1906 credito
543 1887 607 1907 esse
648 1887 764 1907 causae.

261 1915 387 1945 Phorm.
404 1926 432 1946 v.
449 1916 477 1953 6,
492 1915 538 1946 35.
585 1916 687 1946 Vestri
709 1917 765 1946 ho-

261 1955 343 1985 noris
375 1965 476 1985 causa.
522 1955 647 1986 Phorm.
678 1966 705 1986 v.
736 1957 765 1992 7,

299 2032 400 2072 caute]
436 2033 552 2063 Omnes
579 2043 627 2063 res
652 2035 768 2064 cautius

260 2082 299 2101 ne
333 2076 448 2102 temere
491 2073 611 2110 faciam,
648 2084 764 2104 accuro.

261 2111 339 2141 Hec.
355 2122 382 2141 v.
401 2110 427 2148 1,
446 2111 490 2141 12.

298 2151 421 2188 cautim]
443 2151 564 2180 Cautim
574 2155 605 2180 et
617 2151 766 2189 paulatim

260 2189 353 2218 dabis.
377 2189 490 2218 Heaut.
507 2189 548 2218 iv.
564 2189 593 2226 8,
607 2189 656 2219 29.

290 2224 414 2266 cautio]
441 2228 487 2257 Ne
508 2229 647 2257 resciscat
665 2230 765 2257 cautio

260 2271 314 2296 est.
345 2267 427 2295 And.
457 2266 490 2295 ii.
516 2266 544 2302 3,
572 2266 620 2296 26.
663 2267 766 2297 Pisces

259 2305 337 2335 mihi
357 2302 404 2334 n‘e
415 2310 655 2343 corrumpantur,
669 2307 765 2336 cautio

259 2351 314 2374 est.
339 2343 471 2383 Adelph.
488 2345 533 2373 iii.
549 2344 577 2379 3,
591 2344 637 2376 67.

297 2383 414 2421 cautus]
446 2382 490 2412 Ut
510 2386 613 2412 cautus
635 2387 690 2420 est,
713 2384 765 2413 ubi

259 2422 342 2452 nihil
368 2432 442 2461 opus
474 2426 528 2452 est.
568 2422 696 2453 Phorm.
724 2424 766 2452 iv.

281 2485 289 2499 ’
298 2501 379 2537 cedo,
394 2499 546 2539 imperat]

261 2539 344 2570 And.
369 2540 388 2569 i.
415 2539 441 2575 1,
463 2538 528 2569 123.
571 2539 651 2570 Cedo
671 2540 681 2568 i
704 2539 766 2568 'tur

261 2579 334 2618 quid
356 2579 489 2608 faciam?
525 2578 606 2608 And.
628 2579 661 2608 ii.
706 2601 713 2614 ‚
735 2578 762 2608 9.

261 2618 341 2648 Cedo
369 2619 442 2657 quid
471 2618 609 2686 gurgabit
637 2619 765 2647 tecum?

261 2658 343 2686 And.
359 2658 390 2687 ii.
408 2657 436 2693 3,
454 2656 467 2686 l
492 2680 499 2686 .
542 2656 625 2693 Quid
646 2661 676 2686 te
695 2666 764 2695 ergo

259 2696 345 2726 aliud
367 2696 533 2726 sollicitat?
559 2696 639 2725 cedo.
682 2695 762 2725 Eun.

261 2735 281 2764 i.
294 2735 324 2771 2,
336 2735 384 2765 82.
427 2735 508 2765 Cedo
522 2733 607 2764 alios.
630 2734 710 2764 Eun.
723 2735 762 2764 iv.

260 2774 288 2810 7,
304 2774 332 2811 6,
368 2774 451 2810 Quid
466 2774 581 2803 factum
596 2776 665 2803 est?
684 2773 762 2803 cedo.

259 2813 341 2843 Eun.
371 2824 399 2841 v.
427 2814 456 2849 4,
483 2812 530 2843 28.
585 2812 664 2843 Cedo
692 2813 763 2842 dex-

259 2857 347 2882 tram.
371 2851 482 2881 Heaut.
499 2853 546 2881 iii.
561 2851 587 2888 1,
603 2851 650 2881 84.
683 2851 763 2882 Cedo

259 2892 333 2929 quid
357 2893 425 2920 est?
454 2890 566 2920 Heaut.
593 2891 636 2921 ini.
662 2888 690 2927 3,
717 2890 762 2920 36.

260 2930 382 2959 Nomen
398 2929 535 2959 mulieris
544 2930 614 2959 cedo
626 2930 761 2968 quodsit.

260 2968 374 2998 Heaut.
385 2969 423 2998 iv,
439 2967 465 3004 l,
477 2969 524 2999 49.
561 2968 641 2999 Cedo
656 2979 762 3008 quem—

258 3007 306 3036 vis
332 3008 492 3038 arbitrum.
528 3007 658 3046 Adelph.
686 3008 705 3038 i.
731 3007 760 3045 2,

574 2500 649 2536 Qui,
669 2499 739 2530 cedo
752 2500 765 2530 ,²

978 235 1176 283 INDEX

822 350 870 381 43.
895 351 1007 382 Coram
1022 352 1122 390 ipsum
1135 352 1216 382 cedo.
1232 351 1328 382 Adel-

823 390 871 429 ph.
895 391 939 420 iii.
956 392 985 427 4,
1002 390 1048 420 38.
1092 391 1229 421 Puerum
1250 391 1327 421 mihi

821 429 911 458 cedo:
933 439 987 468 ego
1007 429 1097 459 alam.
1140 429 1218 460 Hec.
1237 431 1277 461 iv,
1298 432 1327 468 4,

821 468 869 498 86.
912 468 1079 503 Cedodum,
1116 479 1157 499 en
1191 479 1327 508 unquam

820 507 957 537 audisti?
1003 507 1128 537 Phorm.
1158 508 1191 538 ii.
1219 508 1248 546 2,
1280 508 1324 539 15.

822 545 911 581 Quod
927 546 985 575 fers
1012 547 1091 576 cedo.
1114 546 1239 577 Phorm.
1253 558 1281 577 V.
1298 548 1325 585 6,

822 584 868 616 17.
913 585 998 621 Quin
1018 590 1052 614 tu
1069 586 1147 615 mihi
1165 591 1325 625 argentum

819 624 898 653 cede.
938 624 972 654 P.
996 625 1064 654 Imo
1095 635 1166 655 vero
1196 635 1325 656 uxorem

821 667 854 692 tu
888 663 967 693 cedo.
1015 664 1140 694 Phorm.
1167 674 1195 694 v.
1224 665 1253 701 7,
1276 665 1324 702 42,

820 701 902 772 43:57
917 702 1007 739 Cedo,
1033 713 1113 743 cape.
1147 703 1271 734 Phorm.
1295 715 1324 735 v.

841 764 848 776 '
858 779 948 819 celer]
971 781 1039 810 Nisi
1055 781 1217 811 consilium
1233 781 1325 812 celere

819 820 1254 897 ΓῗῖῗιᾞὴίνιξὴῗῖιωὲέἱιέἶηῙ
1260 844 1310 890 ἠιῑ

819 907 911 935 quam
946 908 1017 928 cum
1051 898 1107 928 illa
1134 899 1323 930 concludam.

821 936 900 966 Adel
921 937 951 966 h.
968 938 1009 967 iv.
1024 937 1054 974 2,
1070 937 1117 968 13.

858 975 901 1005 cel
915 976 982 1015 ula]
1013 977 1096 1006 Cum
1122 977 1156 1006 in
1189 976 1325 1007 cellulam

819 1015 856 1044 ad
886 1020 916 1045 te
942 1016 1032 1054 patris
1060 1026 1171 1055 penum
1200 1026 1324 1046 omnem

819 1055 1018 1123 con3geffibam
1031 1055 1216 1085 clanculum.
1240 1056 1322 1087 Eun.

819 1103 849 1123 ιι.
888 1117 895 1130 ,
950 1117 956 1124 .

857 1132 934 1171 celo]
969 1133 1055 1163 Bene
1096 1133 1323 1163 dissimulatum

819 1181 954 1201 amorem
988 1177 1018 1201 et
1044 1172 1171 1202 celatum
1198 1174 1321 1203 indicat.

819 1210 901 1240 And.
925 1212 944 1240 i.
974 1210 1001 1248 1,
1031 1210 1097 1241 105.
1141 1212 1203 1241 Vos
1230 1212 1325 1242 celavi

819 1250 899 1288 quod
914 1260 997 1279 nunc
1011 1250 1117 1280 dicam.
1142 1250 1225 1281 And.
1240 1252 1281 1281 iii.
1294 1253 1322 1284 4,

819 1289 845 1318 6.
890 1289 952 1319 Ubi
987 1290 1040 1319 ubi
1068 1294 1123 1326 est,
1152 1290 1203 1335 diu
1230 1290 1325 1320 celari

819 1334 1020 1397 ἓὲῗρωρῗὲἳῗῖ·
1036 1329 1224 1407 afflati..
1235 1329 1323 1408 3ὲαῖῗέ

818 1406 914 1436 dium.
938 1407 1051 1436 Heaut.
1075 1408 1117 1437 iii.
1143 1407 1169 1443 l,
1192 1408 1219 1437 5.
1269 1408 1323 1438 Ge·-

817 1444 928 1474 labitur
942 1446 1058 1482 itidem,
1069 1451 1103 1476 ut
1116 1446 1211 1476 celata
1225 1447 1323 1477 adhuc

817 1490 872 1514 est.
895 1485 1008 1515 Heaut.
1025 1486 1064 1514 iv.
1082 1485 1109 1522 3,
1124 1485 1172 1515 20.
1215 1486 1262 1515 Ea
1283 1497 1323 1516 ne

817 1533 868 1552 me
901 1524 972 1553 celet
1008 1525 1175 1554 consuefeci
1211 1525 1321 1556 filium.

819 1562 951 1602 Adelph.
974 1563 994 1593 i.
1025 1563 1050 1600 1,
1071 1563 1119 1594 29.
1163 1564 1255 1594 Haud
1280 1566 1324 1594 ita

817 1601 902 1631 decet
926 1601 1021 1631 celare
1044 1608 1073 1633 te
1092 1604 1159 1632 iras.
1191 1603 1267 1633 Hec.
1289 1604 1320 1633 ii.

816 1640 845 1677 2,
863 1640 908 1671 ll.
951 1642 1061 1671 Nescio
1076 1643 1157 1681 quod
1178 1653 1323 1681 magnum

815 1679 934 1710 malum
955 1691 1004 1710 me
1024 1681 1109 1711 celas.
1139 1682 1215 1711 Hec.
1233 1683 1276 1711 iii.
1296 1681 1323 1719 l,

815 1719 862 1749 40.
907 1720 951 1749 Te
982 1725 1073 1759 atque
1099 1720 1176 1750 alios
1203 1727 1336 1767 partum=

816 1763 852 1788 ut
872 1759 980 1788 celaret
1001 1770 1099 1790 suum.
1134 1760 1211 1790 Hec.
1234 1760 1275 1790 i1i.
1294 1761 1322 1798 3,

815 1797 862 1827 24.
908 1798 1022 1828 Vereor
1048 1809 1087 1828 ne
1111 1805 1194 1829 orata.
1220 1805 1323 1830 nostra

815 1842 948 1876 nequeat
976 1838 1079 1868 celare.
1116 1838 1193 1868 Hec.
1222 1838 1262 1868 iv.
1294 1839 1320 1876 l,

815 1875 863 1905 61.
916 1877 1020 1907 Nosne
1047 1877 1104 1907 hoc
1127 1877 1235 1907 celatos
1258 1883 1320 1908 tam

816 1915 893 1945 diu?
924 1916 1001 1946 Hec.
1030 1917 1070 1946 iv.
1094 1917 1124 1953 4,
1143 1916 1191 1947 23.
1249 1917 1321 1947 Non

816 1959 914 1993 potest
939 1955 1034 1985 celari
1069 1960 1172 1985 nostra
1204 1956 1320 1986 diutius

816 1994 950 2024 audacia.
1002 1995 1127 2025 Phorm.
1163 1995 1183 2024 i.
1226 1996 1256 2030 4,
1291 1997 1318 2026 4.

817 2033 912 2069 Quin,
927 2036 953 2063 si
967 2034 1024 2063 hoc
1039 2034 1156 2069 celetur,
1171 2035 1203 2064 in
1225 2040 1319 2072 metu,

816 2072 863 2101 sin
897 2074 1011 2111 patefit,
1037 2074 1070 2102 in
1118 2074 1206 2103 robro
1233 2075 1318 2104 siem.

816 2111 941 2141 Phorm.
971 2122 998 2142 v.
1028 2113 1057 2149 4,
1103 2136 1110 2142 .
1154 2113 1261 2151 Neque
1288 2114 1320 2142 id

814 2150 911 2220 celare
924 2161 1009 2190 posse
1023 2156 1058 2187 te
1066 2161 1203 2181 uxorem.
1226 2152 1318 2182 Phor.

815 2199 843 2219 v.
881 2212 888 2225 ,
904 2190 951 2220 66.

852 2228 963 2267 censeo]
986 2228 1096 2259 Censen
1119 2238 1169 2258 me
1192 2229 1318 2258 verbum

814 2267 948 2305 potuisse
1001 2266 1103 2296 ullum
1174 2267 1320 2306 roloqui?

817 2306 897 2335 And.
933 2306 953 2335 i.
990 2305 1018 2342 5,
1046 2305 1094 2335 21.
1184 2307 1227 2336 ari
1262 2307 1318 2336 tibi

817 2345 906 2373 verba
929 2354 1023 2374 censes
1048 2344 1132 2374 falso.
1167 2346 1249 2375 And.
1275 2346 1316 2375 iii.

814 2382 843 2418 2,
858 2382 906 2412 25.
949 2383 1015 2422 Ego
1029 2393 1080 2412 rus
1094 2383 1155 2420 ibo,
1170 2390 1259 2423 atque
1274 2385 1317 2414 ibi

814 2423 952 2452 manebo.
1013 2422 1048 2452 P.
1085 2422 1203 2452 Censeo.
1238 2424 1317 2454 Eun.

814 2461 846 2490 ii.
878 2460 904 2498 l,
935 2460 980 2491 11.
1036 2461 1119 2497 Quid
1147 2462 1317 2492 faciendum

812 2500 930 2529 censes?
953 2500 1032 2529 Eun.
1047 2501 1087 2530 iv.
1102 2501 1131 2536 4,
1144 2500 1192 2531 53.
1225 2501 1319 2532 Recte

813 2538 909 2568 dicit:
932 2549 1039 2568 censeo.
1073 2539 1188 2569 Heaut.
1216 2540 1260 2569 iii.
1291 2541 1319 2577 3,

812 2577 859 2608 27.
896 2577 1013 2608 Censen
1028 2581 1123 2608 vero?
1144 2579 1257 2609 Heaut.
1273 2580 1317 2609 iii.

814 2616 842 2650 3,
858 2616 903 2646 30.
948 2618 1091 2655 Aequum
1114 2628 1178 2648 esse
1197 2623 1318 2648 censent.

814 2655 928 2685 Heaut.
941 2656 972 2685 ii.
988 2655 1014 2692 l,
1030 2656 1057 2685 2.
1101 2656 1253 2686 Animum
1267 2659 1319 2687 ad-

814 2698 938 2724 vertunt
973 2695 1105 2733 graviter
1146 2706 1222 2734 quae
1256 2707 1317 2726 non

812 2743 934 2763 censeas.
952 2734 1065 2763 Heaut.
1078 2734 1121 2763 iii.
1136 2734 1164 2768 3,
1176 2735 1203 2764 9.
1234 2735 1316 2772 Quid

813 2777 843 2802 te
857 2773 995 2802 futurum
1009 2774 1125 2803 censes?
1148 2774 1259 2804 Heaut.
1271 2776 1315 2804 iii.

815 2811 842 2847 l,
857 2811 904 2841 53.
947 2811 1025 2841 Rem
1047 2822 1116 2840 cum
1132 2814 1234 2842 videas
1252 2824 1316 2843 cen-

812 2860 884 2880 seas.
908 2847 1020 2880 Heaut.
1037 2861 1064 2879 v.
1083 2850 1110 2887 3,
1125 2851 1173 2881 21.
1207 2852 1316 2882 Censen

813 2889 969 2919 hominem
994 2899 1042 2918 me
1066 2892 1155 2919 esse?
1184 2890 1314 2930 Adelph.

813 2929 851 2958 iv.
867 2928 896 2964 2,
911 2928 958 2958 40.
1002 2928 1094 2957 Haud
1105 2929 1194 2959 aliter
1207 2940 1314 2961 censeo.

814 2967 945 3006 Adelph.
966 2976 993 2996 V.
1013 2967 1043 3004 8,
1061 2966 1089 2996 5.
1132 2968 1242 2998 Adeon
1266 2980 1315 2999 me

812 3016 875 3037 esse
889 3005 1073 3045 pervicacem
1087 3005 1205 3037 censes?
1237 3008 1313 3039 Hec.

1377 353 1415 382 iv.
1434 351 1461 390 1,
1477 352 1526 384 32.
1569 353 1634 393 Ego
1653 364 1702 385 sm
1723 355 1785 386 lius
1804 357 1884 388 deli-

1375 392 1547 463 Zcflaiidum
1561 403 1668 424 censeo.
1727 394 1823 427 horm.
1838 397 1871 427 ii.

1413 470 1535 510 centies]
1572 471 1616 501 Ut
1658 471 1740 502 nihil
1778 473 1881 504 eredas

1376 509 1559 548 intelligere,
1593 511 1652 541 nisi
1695 512 1778 542 idem
1818 513 1881 543 die-

1375 553 1443 616 gum
1463 550 1501 579 sit
1524 550 1636 580 centies.
1670 549 1783 582 Heaut.
1802 560 1832 582 v.
1853 550 1879 588 l,

1413 626 1557 665 centurio]
1593 627 1652 658 Ubi
1677 629 1809 659 centurio
1835 634 1882 660 est

1375 664 1497 705 Sanga?
1518 666 1600 696 Eun.
1615 667 1655 696 iv.
1672 666 1700 703 7,
1715 667 1743 698 6.

1414 704 1581 745 cerebrum]
1608 705 1652 735 Ut
1675 706 1792 737 cerebro
1818 708 1880 738 dis-

1395 749 1477 782 ergat
1497 745 1589 774 viam.
1625 745 1756 784 Adelph.
1779 747 1823 777 iii.
1849 746 1880 784 2,

1374 754 1424 813 19.
1467 783 1670 814 Diminuetur
1682 785 1739 814 tibi
1754 786 1879 824 quidem

1372 821 1436 860 jam
1458 823 1616 852 cerebrum.
1646 823 1777 863 Adelph.
1794 825 1835 856 iv.
1848 825 1879 862 2,

1376 860 1422 890 32.
1466 862 1518 891 An
1534 862 1590 891 tibi
1608 862 1672 901 jam
1692 864 1789 894 mavis
1802 874 1882 894 cere·

1374 899 1612 974 bru2m7dispergi
1636 901 1713 932 hic?
1746 903 1878 943 Adelph.

1376 949 1403 968 v.
1442 963 1448 975 ‚
1484 963 1490 970 .
1733 961 1737 964 -

1415 978 1519 1018 Ceres]
1543 979 1618 1009 Sine
1642 980 1752 1011 Cerere
1772 985 1804 1011 et
1826 981 1879 1011 Li-

1374 1017 1446 1085 ἓειὲο
1468 1018 1556 1057 friget
1577 1019 1691 1049 Venus.
1726 1019 1808 1051 Eun.
1836 1021 1877 1052 iv.

1395 1079 1403 1094 ,
1438 1079 1444 1086 .

1373 1096 1879 1168 cilzemdregtoeaezxnffhdfai-

1375 1173 1402 1210 1,
1419 1173 1483 1204 108.
1527 1174 1560 1204 Si
1575 1176 1647 1205 satis
1659 1186 1757 1207 cerno.
1781 1176 1879 1207 Adel-

1373 1213 1425 1251 phi
1440 1214 1485 1244 iii.
1501 1213 1530 1250 3,
1545 1214 1594 1244 85.

1411 1253 1551 1292 certatio]
1606 1253 1770 1293 Nunquam
1813 1256 1878 1286 vidi

1373 1291 1725 1362 iniquiusAcierltaktlioneni
1749 1303 1884 1364 ‘pompa‘

1372 1340 1404 1359 ra
1419 1340 1477 1360 am.
1564 1342 1579 1360 e
1635 1355 1642 1362 .
1658 1342 1688 1362 11.
1726 1356 1733 1368 ,

1411 1370 1500 1409 certe]
1542 1342 1628 1401 Gerga
1674 1376 1780 1411 captus
1820 1377 1875 1404 est.

1374 1409 1456 1439 And.
1478 1410 1497 1439 i.
1516 1409 1542 1447 1,
1557 1409 1604 1440 55.
1656 1410 1770 1441 Hercle
1790 1416 1877 1443 verte.

1374 1447 1455 1478 And.
1491 1449 1522 1478 ii.
1559 1448 1588 1485 2,
1625 1449 1670 1479 10.
1728 1450 1878 1482 Molestus

1371 1490 1446 1516 certe
1460 1488 1489 1516 ei
1507 1488 1601 1518 fuero.
1630 1489 1710 1519 And.
1726 1490 1766 1519 iv.
1785 1489 1812 1528 l,
1829 1489 1875 1524 17.

1373 1526 1459 1555 Certe
1476 1526 1536 1566 pol.
1564 1527 1645 1558 Eun.
1661 1529 1701 1557 iv.
1717 1528 1746 1566 5,
1761 1528 1788 1560 5.
1832 1530 1878 1560 At

1370 1569 1446 1595 certe
1473 1567 1617 1596 concedas
1644 1567 1726 1598 hinc.
1761 1568 1876 1600 Heaut.

1372 1604 1416 1634 iii.
1447 1604 1474 1640 3,
1505 1605 1550 1635 ll.
1606 1605 1692 1636 Certe
1729 1607 1772 1637 sic
1806 1609 1875 1639 erit.

1374 1643 1486 1674 Heaut.
1509 1655 1537 1674 v.
1560 1644 1589 1682 3,
1614 1644 1659 1675 12.
1702 1645 1799 1676 Estne
1825 1647 1877 1677 hic

1371 1682 1464 1721 ipsus,
1493 1684 1530 1713 de
1567 1694 1628 1723 quo
1662 1685 1812 1724 agebam?
1845 1691 1878 1717 et

1370 1725 1446 1751 certe
1466 1723 1492 1752 is
1513 1727 1567 1752 est.
1595 1723 1727 1762 Adelph.
1746 1725 1767 1755 i.
1786 1724 1812 1763 l,
1827 1725 1876 1756 53.

1372 1760 1524 1792 Simulare
1549 1765 1627 1792 certe
1658 1769 1704 1793 est
1731 1763 1874 1796 hominis.

1372 1800 1502 1839 Adelph.
1532 1802 1573 1831 iv.
1603 1801 1631 1839 7,
1658 1801 1703 1832 16.
1747 1803 1876 1835 Ger-ten?

1370 1840 1406 1869 P.
1424 1839 1518 1870 Certe.
1548 1840 1626 1871 Hec.
1638 1851 1664 1871 v.
1677 1842 1706 1878 4,
1717 1841 1745 1872 3.
1788 1843 1875 1874 Corte

1370 1878 1507 1917 aedopol.
1543 1879 1667 1910 Phorm.
1684 1891 1711 1910 v.
1730 1880 1756 1915 1,
1771 1881 1800 1911 8.

1407 1922 1495 1955 certo,
1520 1918 1620 1958 verb]
1645 1920 1822 1951 Benedictis
1845 1921 1874 1951 si

1367 1960 1513 1995 certasset,
1527 1959 1660 1988 audisset
1673 1959 1760 1990 bene.
1781 1959 1873 1991 Phor.

1369 1996 1452 2026 Prol.
1467 1996 1515 2027 21.

1407 2039 1495 2073 certo,
1529 2036 1666 2076 adverb]
1692 2037 1762 2067 Hoc
1794 2042 1873 2069 certo
1906 2068 1908 2072 ,

1369 2075 1439 2104 scio.
1476 2075 1559 2105 And.
1587 2086 1616 2106 v.
1641 2077 1670 2112 4,
1694 2076 1742 2107 26.
1785 2077 1874 2108 Certo

1369 2115 1511 2152 comperi.
1543 2114 1622 2144 Eun.
1639 2125 1666 2144 ν.
1684 2114 1711 2151 ],
1725 2115 1756 2145 9.
1791 2116 1874 2147 Satis

1368 2156 1445 2181 certo
1472 2153 1541 2182 scio.
1577 2153 1692 2183 Heaut.
1718 2154 1737 2183 i.
1769 2153 1796 2192 1,
1826 2154 1872 2186 19.

1370 2191 1414 2220 Ut
1454 2201 1472 2220 o
1493 2192 1579 2221 inor:
1622 2197 1653 2221 st
1688 2197 1767 2223 certo
1801 2195 1871 2225 scio.

1369 2229 1470 2268 Adelp
1495 2253 1501 2260 .
1518 2231 1558 2260 iv.
1574 2230 1602 2267 5,
1623 2230 1667 2261 14.
1711 2232 1799 2263 Certo
1819 2234 1872 2264 de-

1369 2270 1458 2298 crevi.
1483 2269 1560 2299 Hec.
1577 2270 1617 2299 iv.
1633 2270 1662 2306 2,
1680 2269 1725 2301 10.

1406 2310 1517 2346 certus]
1542 2309 1656 2338 Omnia
1668 2319 1706 2339 ex
1745 2311 1798 2340 riri
1810 2321 1874 2341 cer-

1367 2349 1430 2375 tum
1445 2352 1498 2376 est.
1522 2349 1603 2377 And.
1620 2349 1650 2378 ii.
1669 2348 1696 2386 1,
1734 2349 1758 2380 l.
1806 2350 1872 2380 Nec

1369 2386 1442 2454 guig
1460 2390 1756 2456 agamHoertumdgst.
1787 2389 1871 2436 And.

1368 2434 1389 2453 1.
1439 2448 1446 2461 ,
1495 2448 1502 2455 .
1586 2436 1612 2455 1c
1639 2437 1671 2456 re
1714 2437 1746 2457 es
1769 2438 1874 2458 omma

1369 2473 1446 2501 quae
1466 2475 1549 2494 nunc
1564 2470 1636 2495 sunt
1649 2469 1730 2495 oerta
1749 2467 1780 2497 ei
1800 2477 1872 2497 con·

1369 2502 1437 2532 silis.
1459 2503 1576 2533 incerta
1603 2510 1637 2534 ut
1665 2505 1753 2536 sient.
1787 2506 1873 2537 And.

1369 2541 1401 2571 ii.
1426 2542 1453 2579 3,
1482 2542 1527 2572 16.
1570 2543 1619 2573 Ita
1641 2544 1738 2574 facere
1759 2548 1872 2575 cenum

1368 2585 1423 2611 est.
1454 2581 1535 2611 Eun.
1552 2583 1572 2611 i.
1587 2582 1616 2619 2,
1634 2582 1700 2613 108.
1749 2583 1783 2614 Si
1807 2594 1872 2614 cer—

1368 2624 1430 2649 tum
1454 2626 1499 2650 est
1525 2621 1632 2658 facere,
1655 2622 1756 2652 facias.
1787 2622 1870 2653 Eun.

1368 2659 1398 2688 ii.
1423 2659 1452 2695 3,
1477 2660 1524 2693 97.
1568 2661 1730 2691 Arbitror:
1759 2665 1872 2692 eertum

1367 2708 1429 2727 non
1454 2699 1575 2728 scimus.
1611 2699 1691 2730 Eun.
1721 2701 1741 2730 i.
1764 2700 1793 2737 2,
1822 2699 1869 2731 31.

1368 2737 1455 2766 Satin
1483 2738 1541 2767 hoc
1567 2742 1678 2768 certum
1711 2740 1780 2769 est?
1830 2740 1868 2770 G.

1368 2776 1487 2806 Certum
1497 2781 1551 2806 est.
1582 2777 1711 2816 Adelph.
1722 2778 1763 2808 iii.
1776 2778 1806 2815 2,
1821 2777 1869 2809 31.

1369 2815 1397 2844 N
1401 2825 1434 2844 ec
1449 2816 1610 2854 quicquam
1626 2818 1699 2856 certi
1711 2818 1871 2856 respondes

1367 2854 1469 2883 mihi?
1490 2854 1566 2884 Hec.
1590 2855 1631 2885 iv.
1652 2857 1680 2892 4,
1700 2856 1747 2886 84.
1791 2856 1871 2886 Vide

1367 2897 1401 2922 ut
1427 2893 1503 2922 mihi
1532 2893 1604 2923 haec
1626 2898 1707 2924 certa
1733 2899 1764 2924 et
1791 2895 1872 2925 clara

1366 2931 1514 2961 attuleris.
1538 2932 1692 2970 Hec.v.4,
1706 2932 1732 2963 l.
1765 2933 1870 2970 Quan-

1366 2975 1434 3000 tum
1473 2975 1586 3008 potest,
1623 2982 1673 3002 me
1716 2973 1871 3003 certiorem

1365 3010 1440 3041 face.
1463 3009 1586 3041 Phorm.
1602 3011 1642 3041 iv,
1659 3011 1687 3049 3,
1703 3011 1749 3042 69.
1779 3041 1781 3043 ,
