2020 3412
685 250 1163 297 INTRODUCTION.
1670 250 1746 294 xlv

165 372 347 412 voluntas
365 370 444 411 and
462 370 558 411 volo.
615 370 639 390 “
661 368 755 407 Volo
770 366 814 406 τό
833 366 928 407 dare
946 379 1107 420 operam
1127 368 1175 405 ut
1193 365 1309 406 fiah.”

1272 436 1446 488 (Heaub.
1467 435 1519 475 iv.
1542 437 1580 475 5.
1600 437 1688 487 41.)

603 530 625 548 “
646 526 739 566 Volo
759 525 859 570 scire
879 528 1000 578 atque
1019 523 1222 564 hominem
1242 523 1494 563 convenire.”

1287 594 1478 647 (Adelph.
1497 593 1524 633 i.
1545 596 1583 634 2.
1604 594 1690 644 74.)

171 692 194 711 “
206 688 358 742 Lepida
376 701 418 728 es
434 703 444 727 ι
474 685 553 726 Sed
572 684 658 726 80111
676 684 774 738 quid
792 684 877 724 volo
896 682 1032 737 potius
1053 683 1168 723 sodes
1186 681 1342 723 facias?
1407 681 1517 732 Quid
1537 682 1632 722 cedo
1647 682 1665 722 Ρ
1680 682 1704 700 ”

1400 754 1523 805 (Hec.
1543 767 1579 793 v.
1602 751 1746 804 1326.)

19 826 43 847 ⁵*
115 846 200 886 The
219 858 327 885 same
346 843 600 885 contractiori
632 856 772 884 occurs
791 842 835 882 in
855 842 982 882 velim.
1038 841 1123 880 The
1156 840 1363 892 following
1396 840 1578 894 example
1611 840 1646 880 18
1679 839 1750 879 the

115 917 212 970 only
231 930 308 956 one
328 915 375 955 of
388 916 459 955 the
478 915 732 956 contraclxion
751 914 798 954 of
813 914 995 953 volwntas
1013 913 1057 952 in
1077 913 1276 953 Terence:

171 1007 194 1026 “
215 1003 308 1044 Volo
327 1002 454 1057 ipsius
473 1017 630 1056 quoque
649 1000 851 1042 voluntate
869 1001 945 1041 hoc
963 1000 1072 1040 fieri:
1101 1000 1154 1039 ne
1174 1013 1217 1040 se
1236 999 1404 1053 ejectam
1422 999 1666 1053 praedicet.’'

1331 1071 1512 1122 (Phorm.
1531 1069 1582 1110 iv.
1603 1072 1642 1110 5.
1663 1069 1748 1120 13.)

170 1147 284 1196 soleo,
303 1159 379 1186 one
397 1145 579 1185 instance
595 1162 605 1184 ι

801 1217 823 1235 “
840 1236 947 1244 ·———
966 1213 1126 1253 Matres
1146 1226 1285 1253 omnes
1303 1212 1325 1251 f
1328 1212 1407 1252 iliis

281 1287 334 1327 In
353 1286 516 1340 peccato
535 1284 764 1340 adjutrices,
783 1285 930 1326 auxilio
948 1284 994 1324 in
1012 1289 1182 1338 paterna
1199 1284 1357 1338 injfiria,

283 1358 418 1398 Solent
429 1357 562 1397 esse?
1245 1355 1419 1406 (Heaut.
1439 1367 1475 1394 v.
1495 1355 1533 1393 2.
1554 1353 1750 1404 38-40.)

172 1460 294 1487 soror.
351 1448 374 1467 “
390 1445 570 1485 Primfim
589 1444 695 1497 quod
714 1457 826 1483 soror
844 1446 908 1483 est
927 1442 1076 1483 dicta.”
1358 1442 1482 1494 (Eun.
1502 1441 1528 1481 i.
1550 1443 1587 1480 2.
1610 1441 1695 1491 66.)

364 1536 386 1554 “
401 1533 521 1573 Soror
539 1536 602 1573 est
621 1531 739 1582 dicta,
760 1530 877 1585 cupio
897 1531 1104 1580 abdficere,
1123 1533 1172 1571 ub
1190 1529 1352 1570 reddam
1373 1529 1496 1569 suis.’'

1355 1601 1479 1652 (Eun.
1500 1599 1527 1639 i.
1548 1601 1586 1638 2.
1609 1598 1695 1650 77.)

122 1660 317 1713 Compare
335 1658 390 1698 iii.
410 1661 449 1699 3.
470 1661 535 1698 19.

174 1748 238 1788 vir
254 1747 290 1786 18
309 1745 541 1786 contracted
559 1744 603 1783 in
623 1757 732 1784 some
752 1757 884 1784 cases:
1532 1793 1539 1799 .

231 1821 254 1839 “
272 1818 381 1856 Varie
399 1816 485 1855 esse
506 1815 688 1855 adversas
708 1814 832 1868 aeque
852 1813 1032 1854 studium
1051 1814 1154 1854 est.”
1372 1813 1495 1865 (Hec.
1515 1812 1557 1852 11.
1579 1815 1616 1853 1.
1637 1814 1695 1865 5.)

232 1891 255 1910 ‘⁴
267 1888 439 1928 Factam
454 1886 564 1927 volo:
595 1889 638 1926 at
655 1886 723 1939 pol
742 1885 874 1925 minus
894 1898 995 1938 queo
1014 1886 1094 1924 viri
1107 1884 1224 1938 csilpa
1243 1896 1361 1937 quam
1381 1897 1443 1923 me
1463 1884 1629 1936 dignum
1649 1886 1752 1925 est.”

1319 1954 1501 2006 (Phorm.
1521 1968 1557 1994 v.
1579 1957 1616 1995 3.
1637 1956 1696 2007 4.)

176 2027 295 2054 mora.
355 2011 662 2052 01181118ὺαηοθε

231 2085 255 2105 “
270 2082 337 2123 Ne
355 2082 462 2122 mdra
474 2081 538 2131 sit,
559 2080 593 2120 81
611 2078 823 2129 innuerim,
843 2079 941 2132 quin
959 2092 1121 2133 pugnus
1141 2079 1333 2133 continuo
1352 2079 1394 2120 in
1415 2080 1518 2120 mala
1536 2080 1739 2121 haereab.”

1281 2151 1471 2205 (Adelph.
1490 2151 1590 2192 11.1.
1612 2151 1697 2204 17.)

177 2245 215 2284 8.
231 2242 268 2293 ΙΙ
289 2240 448 2295 subjoin
465 2253 490 2280 a
511 2240 587 2280 few
605 2239 907 2280 miscellaneous
935 2239 1148 2293 examples,
1167 2238 1297 2279 which
1325 2243 1474 2280 cannoiz
1501 2240 1552 2280 be
1579 2241 1756 2283 referred

47 2327 51 2329 “
122 2318 166 2356 to
185 2328 264 2368 any
283 2313 329 2353 of
341 2312 411 2352 the
429 2311 645 2365 preceding
663 2311 785 2351 heads
802 2328 811 2350 ε

177 2385 297 2424 adest.
353 2386 377 2405 “
391 2383 521 2436 Prope
540 2379 649 2421 ade‘st
667 2395 789 2435 quum
809 2380 940 2422 alieno
959 2382 1069 2422 more
1087 2381 1300 2422 vivendum
1320 2381 1383 2421 est
1402 2381 1538 2421 mihi.'’

1326 2451 1454 2504 (And.
1474 2451 1502 2492 i.
1525 2454 1562 2492 1.
1584 2453 1697 2503 125.)

359 2540 520 2581 “Adest
538 2539 688 2593 optime
706 2539 792 2594 ipse
811 2537 977 2580 freterst’
1351 2537 1475 2590 (Eun.
1495 2551 1531 2578 v,
1553 2540 1590 2578 2.
1612 2538 1697 2588 66.)
1749 2525 1757 2533 ”

359 2630 382 2650 “
394 2629 520 2668 Adest
539 2629 736 2669 Parmeno
756 2642 847 2668 cum
865 2627 1043 2681 pfieris.’'
1333 2627 1457 2678 (Hec.
1476 2625 1531 2665 iii.
1553 2628 1591 2665 3.
1610 2625 1697 2675 49.)

179 2716 285 2770 apud
310 2715 345 2756 is
371 2715 483 2755 often
512 2714 771 2768 pronounced
799 2727 843 2753 as
868 2713 921 2752 ad
930 2730 945 2759 ;
977 2711 1205 2753 sometimes
1233 2713 1346 2766 fully,
1367 2727 1410 2753 88
1434 2713 1477 2751 111
1503 2712 1573 2751 ‘che
1599 2724 1756 2764 expres-

52 2829 65 2849 n
127 2787 234 2829 810118
262 2786 393 2840 ‘apfid
421 2786 507 2826 me'
533 2786 657 2838 (Eun.
677 2785 703 2825 i.
724 2788 761 2825 2.
790 2787 855 2825 60.
881 2783 969 2836 72),
996 2783 1125 2838 ‘apfid
1148 2784 1214 2823 te’
1247 2783 1371 2835 (Eun.
1395 2782 1420 2822 i.
1447 2785 1484 2822 2.
1513 2782 1600 2832 10),
1626 2780 1756 2834 ‘apfid

54 2887 61 2921 3
125 2857 219 2898 vos’
249 2857 371 2909 (Hec.
395 2856 436 2896 11.
463 2858 501 2896 2.
522 2857 610 2907 13),
637 2855 768 2909 ‘apfid
795 2855 904 2895 sese'
937 2854 1060 2906 (Hec.
1086 2854 1136 2894 iv.
1161 2856 1201 2893 4.
1228 2854 1320 2904 85);
1348 2852 1445 2893 with
1472 2865 1579 2891 some
1597 2851 1672 2891 few
1691 2864 1756 2891 ex-

127 2926 319 2980 ceptione.
374 2927 428 2967 In
456 2940 566 2967 some
593 2926 758 2980 phrases
785 2925 819 2965 it
846 2925 881 2965 18
909 2924 1170 2978 pronounced
1197 2937 1242 2964 as
1270 2937 1347 2963 one
1376 2922 1551 2975 syllable,
1579 2921 1676 2974 long
1701 2921 1757 2974 by

128 2996 302 3050 position
314 3013 324 3037 ε
