2020 3412
255 237 340 279 368

253 1995 340 2034 stage

353 2005 361 2031 3
385 1993 444 2024 but
459 1994 509 2025 for
523 1994 566 2025 all
586 1994 657 2025 that
672 2004 805 2034 appears
821 1994 855 2025 in
870 1994 927 2024 the
943 2003 1035 2025 scene

251 2037 341 2068 itself
351 2047 371 2067 a
385 2037 496 2077 longer
506 2038 584 2068 time
595 2037 699 2077 might
709 2037 779 2067 well
794 2037 874 2068 have
885 2037 1013 2077 elapsed
1024 2048 1032 2073 ς

251 2080 315 2110 and
330 2080 420 2110 there
436 2090 538 2110 seems
553 2090 595 2110 no
611 2080 694 2119 good
712 2090 825 2110 reason
841 2080 891 2110 for
906 2080 1034 2119 depart-

251 2122 307 2162 ing
326 2123 406 2153 from
430 2123 485 2154 the
508 2123 655 2163 ordinary
678 2127 902 2162 arrangement
923 2123 960 2153 of
978 2122 1034 2152 the

251 2165 399 2195 editions.

279 2207 365 2241 VThe
389 2207 495 2238 Metre
519 2207 556 2238 of
577 2208 642 2239 this
666 2217 760 2238 scene
783 2208 810 2238 is
834 2218 868 2238 as
891 2207 1031 2244 follows;

251 2250 393 2281 trochaic
407 2254 602 2288 tetrameter,
621 2252 649 2287 1,
666 2253 686 2282 2
715 2251 746 2280 4.
760 2252 790 2286 8,
804 2253 835 2282 9.
853 2252 901 2285 ll,
919 2252 967 2281 12.
984 2251 1031 2281 14.

256 2293 400 2330 17—19;
429 2294 569 2323 trochaic
593 2297 779 2324 tetrameter
804 2293 976 2330 catalectic,
1000 2294 1032 2323 3.

252 2335 283 2372 7.
304 2337 353 2367 10.
373 2337 422 2367 13.
441 2337 491 2372 15,
511 2337 560 2367 16.
577 2337 716 2372 20—27.
729 2337 877 2372 32—503
894 2336 1034 2366 trochaic

251 2378 387 2408 dimeter
401 2379 574 2416 catalectic,
591 2381 630 2416 5;
654 2378 770 2409 iambie
789 2381 984 2416 tetrameter,
1001 2380 1032 2409 6.

926 239 1190 283 HEOYRA.

369 350 529 394 Misera
542 352 563 394 Ρ
593 366 695 394 nam
715 352 927 396 audivisse
947 369 1095 396 vocem
1114 352 1238 409 pueri
1257 352 1372 395 visus
1393 357 1457 395 est
1475 352 1715 411 vagientis:

371 415 442 458 Ita
462 417 668 473 corripuit
688 418 917 474 derepente
937 418 1092 460 tacitus
1113 432 1201 459 sese
1221 418 1277 459 ad
1295 417 1443 459 filiam.

371 481 496 529 Quod
515 483 552 524 si
571 483 761 524 rescierit
781 483 994 539 peperisse
1015 498 1122 533 eam,
1144 482 1192 523 id
1211 497 1296 538 qua
1328 498 1454 525 causa
1485 483 1598 525 clam
1627 499 1697 526 me
1729 483 1862 527 habu-

426 563 508 590 Isse

369 612 522 655 Dicam
542 629 629 656 non
650 614 825 669 aedepol
846 613 943 655 scio.
1844 626 1864 656 5

369 678 454 720 Sed
488 679 642 721 ostium
679 679 936 734 concrepuit.
1011 677 1147 720 Credo
1180 677 1322 734 ipsum
1361 678 1478 722 exire
1518 680 1573 722 ad
1605 695 1698 722 me:
1741 679 1865 722 nulla

426 760 531 786 sum.

369 809 452 851 Ph.
485 809 608 851 Uxor
628 808 702 851 ubi
721 824 790 851 me
811 808 866 850 ad
884 807 1020 850 filiam
1039 807 1102 850 ire
1123 808 1267 860 sensit,
1290 825 1334 852 se
1355 810 1480 851 duxit
1501 809 1638 862 foras;

368 873 514 930 Atque
535 890 677 916 eccam
696 875 832 916 video.
897 873 1013 920 Quid
1043 874 1117 925 ais,
1152 874 1416 930 Myrrhina?
1475 875 1607 926 Heus,
1644 874 1726 918 tibi
1754 874 1861 918 dico.

425 940 514 994 My.
547 940 728 990 Mihine,
751 939 813 981 mi
832 939 934 981 vir?

368 1005 450 1047 Ph.
484 1006 565 1047 Vir
586 1021 665 1062 ego
685 1010 784 1048 tuus
805 1005 887 1048 sim
902 1005 923 1047 P
953 1010 1033 1048 tun
1064 1006 1207 1048 virum
1237 1022 1306 1049 me
1336 1012 1410 1048 aut
1440 1006 1659 1049 hominem
1685 1007 1863 1063 deputas

429 1070 532 1113 adeo
553 1071 675 1113 esse?

369 1137 484 1178 Nam
504 1137 540 1178 si
560 1137 773 1179 utrumvis
792 1138 959 1188 horum,
981 1137 1149 1189 mulier,
1172 1153 1363 1194 unquam
1382 1137 1463 1180 tibi
1482 1137 1597 1180 visus
1618 1138 1765 1188 forem,
1819 1151 1863 1180 10

369 1202 470 1244 Non
492 1202 551 1244 sic
571 1202 756 1244 ludibrio
775 1203 861 1244 tuis
882 1202 1006 1244 factis
1026 1203 1199 1245 habitus
1219 1219 1365 1246 essem.
1416 1203 1506 1257 My.
1541 1203 1705 1250 Quibus
1718 1204 1739 1245 P
1778 1202 1860 1244 Plz.

425 1266 488 1308 At
508 1267 670 1322 rogitas
683 1268 704 1309 ⁴?

367 1331 542 1388 Peperit
562 1332 663 1373 filia.
725 1332 853 1383 Hem,
882 1337 996 1374 taces
1010 1333 1030 1374 P
1061 1348 1115 1375 ex
1146 1333 1264 1389 quo?
1322 1333 1412 1387 My.
1446 1332 1565 1375 Istuc
1595 1337 1763 1389 patrem
1793 1348 1860 1376 ro-

426 1413 527 1453 gare
548 1402 611 1439 est
632 1413 815 1453 aequum
828 1398 848 1439 P

366 1461 507 1504 Perii:
540 1478 595 1504 ex
626 1478 709 1518 quo
741 1478 885 1505 censes
919 1462 1005 1504 nisi
1040 1478 1095 1505 ex
1125 1463 1200 1505 illo
1232 1462 1302 1504 cui
1333 1463 1433 1504 data
1465 1467 1528 1505 est
1558 1468 1756 1519 nuptum,
1787 1463 1861 1506 ob-

424 1543 540 1570 secro
554 1529 574 1570 P

366 1592 449 1634 Ph.
492 1592 653 1645 Ored03
697 1608 835 1650 neque
867 1594 971 1636 adeo
1003 1593 1204 1636 arbitrari
1234 1593 1368 1649 patris
1400 1598 1463 1636 est
1495 1593 1644 1636 aliter:
1685 1594 1761 1636 sed
1788 1593 1862 1636 de-

423 1658 556 1700 miror

369 1723 485 1770 Quid
505 1724 561 1766 sit
582 1724 857 1780 quamobrem
877 1729 1099 1780 tantopere
1121 1739 1266 1766 omnes
1286 1740 1363 1767 nos
1383 1724 1520 1766 celare
1539 1723 1724 1767 volueris

367 1789 560 1840 Partum,
583 1790 834 1845 praesertim
854 1805 988 1846 quum
1008 1795 1050 1831 et
1070 1795 1184 1831 recte
1205 1794 1248 1832 et
1267 1794 1457 1846 tempore
1477 1805 1552 1832 suo
1571 1789 1796 1845 pepererit.

366 1853 520 1897 Adeon
539 1855 751 1911 pervicaci
772 1871 859 1897 esse
880 1855 1023 1897 animo
1045 1860 1092 1896 ut
1111 1871 1293 1911 puerum
1311 1859 1582 1911 praeoptares
1601 1854 1754 1910 perire,

1820 1736 1862 1767 15

1079 1992 1182 2023 which
1205 2002 1315 2023 occurs
1337 1994 1395 2023 not
1421 1992 1647 2034 unfrequently
1668 1993 1703 2024 in
1729 1993 1862 2024 Plautus

1079 2036 1142 2066 and
1159 2035 1337 2066 Lucretius.

1122 2080 1154 2109 4.
1182 2079 1271 2109 Clam
1298 2088 1348 2109 me
1373 2078 1537 2118 habuisse]
1586 2077 1697 2109 ‘Clam
1722 2077 1859 2110 habere’

1077 2122 1140 2151 and
1164 2124 1171 2137 ‘
1183 2121 1262 2151 clam
1279 2119 1379 2151 ferre'
1402 2131 1456 2151 are
1472 2121 1549 2151 used
1572 2131 1607 2151 as
1621 2121 1803 2162 equivalent
1824 2124 1860 2153 to

1080 2166 1089 2181 ‘
1103 2163 1226 2194 celare!
1272 2164 1429 2204 Compare
1445 2164 1485 2195 iv.
1501 2165 1533 2195 4.
1550 2165 1699 2196 33—35:

1093 2226 1113 2241 ‘⁸
1126 2223 1230 2259 Pater,
1247 2222 1274 2253 si
1289 2233 1341 2253 me
1356 2233 1394 2253 ex
1410 2222 1464 2252 illa
1479 2222 1595 2253 liberos
1610 2223 1705 2254 vellet
1719 2223 1779 2254 sibi

1120 2266 1244 2315 Autse
1267 2275 1336 2296 esse
1359 2275 1485 2296 mecum
1508 2271 1653 2306 nuptam,
1677 2267 1753 2297 satis
1773 2269 1860 2298 oen-to

1121 2319 1271 2382 Ndiilome
1298 2351 1377 2382 clam
1401 2351 1533 2382 haberet
1558 2352 1645 2393 quod
1670 2352 1788 2383 celasse
1808 2352 1861 2383 in-

251 2422 392 2452 28—31.
409 2422 548 2453 51—61.

296 2466 327 2496 2.
357 2464 539 2504 Vayientis]
587 2463 658 2494 The
673 2464 759 2494 word
781 2464 807 2494 is
831 2464 1035 2506 particularly

252 2507 379 2548 applied
394 2510 428 2537 to
443 2507 499 2537 the
514 2517 568 2547 cry
584 2507 620 2537 of
640 2517 748 2546 young
762 2507 882 2537 infants
900 2507 963 2537 and
979 2508 1034 2538 the

252 2559 362 2590 young
381 2550 419 2581 of
438 2550 582 2581 animals.
629 2550 688 2580 See
708 2549 803 2587 ovid,
824 2550 958 2580 Metam.
982 2560 1034 2581 xv.

253 2594 318 2624 466
329 2605 337 2624 z

268 2654 289 2669 ‘⁸
303 2651 370 2682 Aut
382 2651 436 2692 qui
448 2651 572 2692 vagitus
584 2651 702 2682 similes
712 2651 886 2691 puerilibus
897 2651 1034 2682 haedum

297 2694 456 2725 Edentem
469 2695 615 2735 jugulare
629 2697 735 2734 potest
744 2696 755 2724 ?
764 2693 784 2708 ''

297 2764 329 2794 3.
353 2762 551 2803 Derepente]
581 2762 651 2793 The
665 2761 750 2792 word
768 2771 876 2792 occurs
891 2762 984 2801 again
1000 2762 1034 2792 in

253 2815 284 2835 v.
298 2806 351 2836 39.
377 2806 435 2836 See
447 2806 514 2836 also
525 2805 667 2842 Plautus,
678 2805 876 2835 Mostellaria
884 2805 916 2834 ii.
930 2807 960 2836 2.
972 2807 1031 2840 572

255 2851 275 2866 “
285 2848 394 2889 Atque
405 2849 459 2879 ille
470 2848 628 2879 exclamat
642 2848 813 2887 derepente
823 2846 1034 2877 maximum.’'

253 2891 317 2922 We
347 2901 420 2931 may
450 2901 599 2932 compare
635 2891 691 2921 the
723 2890 806 2920 form
843 2889 1034 2927 ‘desubito,'

257 2933 376 2964 Heaut.
400 2935 441 2965 iv.
465 2936 496 2965 2.
520 2935 561 2965 6:
586 2933 759 2969 “Crucior,
776 2933 884 2963 bolum
908 2937 1034 2963 tantum

255 2977 333 3006 mihi
355 2980 502 3017 ereptum
528 2980 595 3008 tam
620 2976 661 3007 da
683 2975 789 3014 subito
813 2986 831 3006 ο
857 2975 1034 3013 faucibus,”

1165 2395 1274 2434 telligo
1285 2394 1305 2432 ;’
1311 2395 1319 2408 '

1078 2465 1141 2495 and
1153 2465 1235 2505 Livy
1248 2465 1334 2496 xxxi.
1347 2466 1389 2502 47
1402 2477 1409 2496 ι
1435 2468 1455 2483 “
1467 2465 1586 2497 Consul
1602 2465 1683 2496 alter
1694 2464 1731 2496 C.
1756 2464 1858 2496 Aure-

1078 2509 1139 2542 lius
1154 2508 1195 2538 ad
1211 2509 1390 2538 confectum
1403 2508 1522 2538 bellum
1534 2518 1606 2539 cum
1621 2509 1655 2539 in
1665 2508 1859 2549 provinciam

1078 2551 1217 2582 venisset
1233 2551 1318 2581 haud
1335 2551 1415 2581 clam
1431 2551 1506 2582 tulit
1516 2552 1596 2582 iram
1606 2551 1756 2582 adversus
1767 2560 1858 2591 prae-

1078 2597 1178 2624 torem
1196 2594 1282 2634 quod
1298 2593 1430 2624 absente
1445 2604 1479 2624 se
1494 2605 1560 2624 rem
1577 2592 1760 2634 gessisset.”

1122 2638 1153 2667 6.
1180 2638 1246 2667 Sed
1261 2638 1378 2667 ostium
1397 2637 1601 2677 concrepuit]
1651 2637 1711 2668 See
1725 2638 1802 2668 note
1815 2645 1859 2667 on

1078 2679 1200 2710 Andria
1215 2680 1255 2710 iv.
1275 2681 1302 2710 l.
1319 2681 1372 2710 58.

1125 2723 1175 2753 15.
1210 2722 1337 2761 Celare]
1396 2722 1455 2753 See
1484 2724 1561 2752 note
1589 2731 1632 2752 on
1661 2721 1784 2752 Andria
1811 2721 1859 2752 iii.

1126 2808 1175 2842 17.
1206 2807 1321 2837 Adeon
1345 2807 1512 2846 pervicaci
1546 2816 1610 2837 esse
1639 2807 1746 2837 am'mo
1781 2805 1854 2847 δρα]

1080 2852 1087 2866 ‘
1097 2849 1200 2880 Could
1216 2859 1280 2889 you
1295 2849 1335 2879 be
1348 2859 1383 2879 so
1399 2848 1553 2878 stubborn
1569 2859 1602 2879 as
1618 2852 1652 2879 to
1668 2848 1774 2888 prefer
1787 2849 1860 2880 that

1078 2892 1134 2922 the
1150 2892 1235 2921 child
1251 2891 1365 2922 should
1381 2891 1420 2921 be
1436 2891 1614 2932 destroyed,
1627 2892 1779 2932 although
1793 2901 1859 2932 you

1078 2934 1171 2964 knew
1186 2934 1256 2964 that
1278 2934 1319 2964 he
1333 2934 1439 2964 would
1460 2933 1499 2964 be
1514 2934 1570 2964 the
1591 2944 1700 2964 meana
1720 2934 1757 2964 of
1774 2938 1858 2965 esta.-

1079 2977 1220 3015 blishing
1231 2986 1290 3006 our
1301 2976 1452 3006 friendshi
1457 2986 1477 3016 p
1490 2987 1577 3007 more
1587 2977 1692 3017 firmly
1703 2977 1786 3008 from
1795 2977 1861 3008 this
