2020 3412
241 269 327 312 438

898 262 1198 306 PHORMIO.

362 379 611 423 Ferendum
630 378 716 422 fers
729 379 751 421 Ρ
780 377 866 420 tuis
887 377 1071 433 dignum
1090 375 1217 419 factis
1236 374 1399 426 feceris,

359 446 424 490 Ut
445 445 572 488 amici
591 445 707 487 inter
726 459 803 486 nos
824 443 967 484 simus.
1029 442 1104 484 De.
1138 441 1266 498 Egon
1285 446 1407 483 tuam
1426 446 1627 498 expetam

359 511 647 554 Amicitiam?
678 515 753 552 aut
773 514 816 550 te
835 508 978 551 visum
998 512 1072 550 aut
1093 507 1290 550 auditum
1308 506 1440 549 velim
1453 507 1474 549 P

1819 518 1864 551 85

361 577 445 619 Ph.
479 576 526 618 Si
546 574 820 618 concordabis
842 589 940 616 cum
960 573 1049 624 illa,
1072 573 1250 615 habebis
1269 588 1378 629 quae
1397 577 1520 617 tuam

361 642 635 685 Senectutem
655 641 863 691 oblectet3
895 639 1058 695 respice
1077 643 1263 681 aetatem
1282 643 1414 681 tuam.

360 709 437 750 De.

423 774 519 815 Hoc
540 788 620 828 age
639 788 647 813 :

471 708 530 750 Te
566 707 774 758 oblectem
818 704 901 747 tibi
938 705 1062 747 habe.
1096 710 1100 714 “

1134 704 1217 746 Ph..
1255 704 1407 746 Minue
1447 719 1549 747 vero
1592 703 1714 746 iram.
1788 703 1864 746 De.

365 837 478 880 Satis
494 838 588 894 jam
607 837 837 879 verborum
858 840 946 878 est:
978 835 1064 878 nisi
1083 839 1134 877 tu
1151 850 1354 891 properas
1372 834 1598 878 mulierem

364 902 605 953 Abducere,
629 918 709 958 ego
730 902 853 944 illam
864 901 1056 959 ejiciam.

1117 900 1236 951 Dixi,
1260 900 1478 945 Phormio.

364 968 448 1010 Ph.
481 968 527 1010 Si
548 973 598 1010 tu
617 968 741 1013 issam
759 968 959 1025 attigeris
979 968 1098 1010 secus
1118 982 1249 1023 quam
1269 966 1452 1022 dignum
1473 971 1537 1010 est
1555 966 1749 1016 liberam,

366 1034 523 1076 Dicam
542 1034 625 1076 tibi
643 1033 888 1089 impingam
909 1033 1119 1089 grandem
1136 1048 1146 1074 :
1178 1032 1284 1083 dixi,
1306 1032 1534 1088 Demipho.

369 1099 416 1141 Si
436 1100 543 1156 quid
563 1115 668 1156 opus
688 1099 832 1150 fuerit,
854 1099 973 1149 heus,
997 1099 1122 1140 domo
1141 1113 1223 1140 me.

1290 1097 1362 1139 Ge.
1395 1096 1617 1153 Intelligo.

552 1275 745 1320 Aeros
781 1275 1046 1319 snouNm
1081 1263 1277 1320 soENA
1308 1274 1570 1324 QUARTA.

502 1387 722 1416 DEMIPHO.
785 1386 912 1414 GETA.

974 1387 1128 1415 HEGIO.

1191 1387 1420 1416 CRATINUS.
1481 1387 1619 1416 CRITO.

369 1466 445 1508 De.
480 1464 651 1512 Quanta
670 1479 739 1505 me
759 1478 861 1505 cura
881 1467 924 1505 et
944 1463 1231 1506 sollicitudine
1252 1463 1383 1506 afficit

373 1531 556 1582 Gnatus,
579 1529 655 1586 qui
674 1544 743 1571 me
764 1533 807 1571 et
828 1544 871 1570 se
891 1528 1008 1571 hisce
1029 1529 1257 1585 impedivit
1276 1529 1440 1586 nuptiis
1458 1545 1468 1581 ;

372 1595 524 1651 Neque
544 1594 655 1636 mihi
675 1594 722 1636 in
743 1598 1017 1649 conspectum
1035 1594 1193 1650 prodit,
1215 1600 1264 1636 ut
1285 1595 1438 1637 saltem
1458 1593 1591 1637 sciam

375 1661 492 1708 Quid
511 1662 564 1703 de
583 1661 665 1702 hac
685 1675 731 1701 re
752 1660 879 1710 dicat,
903 1659 1060 1715 quidve
1080 1660 1136 1702 sit
1156 1660 1404 1703 sententiae.

373 1725 486 1777 Abi3
518 1726 609 1768 vise
629 1725 862 1767 redieritne
877 1725 971 1782 jam
992 1740 1047 1767 an
1067 1726 1260 1767 nondum
1279 1726 1466 1768 domum.
1855 1737 1876 1768 5

379 1792 450 1833 G'e.
485 1791 562 1833 Eo.

377 1856 495 1904 Quid
515 1872 596 1912 ago
611 1857 631 1898 P
661 1856 743 1907 dic,
766 1856 922 1912 Hegio.

376 1988 452 2029 De.
476 1987 548 2028 Te.

378 2052 449 2094 Sic
468 2051 549 2094 hoc
569 2052 753 2094 videtur.

623 1791 700 1832 De.
733 1790 904 1832 Videtis
924 1806 1008 1846 quo
1029 1790 1076 1831 in
1095 1791 1188 1832 loco
1208 1807 1274 1833 res
1294 1791 1400 1834 haec
1421 1791 1513 1834 siet.

985 1856 1067 1897 He.

377 1922 424 1964 Si
443 1922 525 1964 tibi
544 1922 728 1964 videtur.
789 1922 864 1963 De.
897 1921 993 1971 Dio,
1018 1920 1205 1964 Oratine.

1101 1856 1197 1913 Ego
1219 1856 1444 1898 Cratinum
1463 1872 1624 1908 censeo,

1270 1922 1366 1964 Ora.
1399 1923 1529 1965 Mene
1548 1922 1614 1965 vis
1627 1923 1648 1964 P

616 1986 710 2028 Cra.
734 1986 831 2042 Ego
846 2001 955 2042 quae
975 1986 1022 2027 in
1042 2002 1134 2028 rem
1147 1991 1266 2029 tuam
1279 1988 1366 2030 sint
1382 2003 1431 2030 ea
1443 1987 1574 2037 velim
1589 1987 1719 2031 facias
1736 2002 1747 2030 ε
1767 1986 1879 2032 mihi

818 2051 944 2098 Quod
963 2056 1006 2093 te
1027 2052 1201 2094 absente
1221 2053 1293 2094 1110
1312 2053 1427 2094 filius

1834 2064 1878 2095 10

378 2118 486 2174 Egit
506 2117 676 2159 restitui
695 2117 742 2158 in
762 2117 983 2172 integrum
1003 2131 1188 2172 aequum
1207 2122 1270 2159 est
1292 2122 1335 2160 et
1354 2118 1528 2169 bonum,

311 2239 366 2270 88.
378 2239 455 2269 Hoc
471 2238 546 2279 aye]
574 2238 632 2269 See
647 2241 723 2269 note
735 2248 778 2268 011
787 2238 909 2268 Andria
922 2238 944 2268 i.
955 2239 987 2269 2.
1001 2239 1051 2269 15.

310 2283 365 2313 92.
390 2282 509 2312 Dicam
526 2282 585 2312 tibi
601 2282 778 2321 impingam
792 2280 966 2320 qrandem]
1015 2285 1022 2297 ‘
1035 2280 1052 2311 I

267 2324 332 2355 will
368 2323 462 2363 bring
490 2334 510 2354 a
546 2324 647 2364 heavy
674 2323 780 2354 action
809 2324 934 2363 against
963 2322 1051 2363 you!

269 2366 495 2406 Impingere'
511 2367 661 2407 properly
685 2376 795 2396 means
822 2369 876 2396 ‘to
892 2365 994 2396 dash’
1015 2376 1053 2396 or

268 2410 387 2441 ‘throvv
395 2409 542 2449 against,’
555 2409 635 2440 aud
627 2419 654 2439 18
666 2408 811 2449 applied'
803 2419 836 2439 111
849 2419 945 2449 many
956 2419 1052 2449 ways.

270 2452 314 2514 ⁴So
335 2462 384 2483 we
405 2452 521 2483 have‘
526 2453 692 2492 ‘Pugnum
719 2452 753 2482 in
783 2461 818 2482 os
840 2452 1039 2508 impingere.

270 2495 324 2527 J
326 2495 422 2526 ubete
431 2505 551 2526 crassas
561 2494 748 2554 compedes
741 2505 839 2534 impin
843 2505 920 2534 gier
925 2494 1051 2525 ''-Plau

269 2541 334 2576 tus,
350 2538 418 2579 Cap
420 2541 443 2569 t.
459 2538 502 2569 111.
520 2540 550 2569 5.
567 2539 642 2575 76,‘
653 2541 687 2568 to
703 2537 743 2568 be
755 2537 898 2568 fastened
911 2548 951 2568 on
963 2537 1053 2568 him.'

271 2549 440 2613 Foroeuipni
468 2582 555 2621 gives
583 2581 708 2612 various
745 2581 915 2611 instances‘
942 2581 979 2611 of
1012 2581 1055 2611 its

271 2624 397 2665 applied
415 2634 479 2655 use.
527 2625 574 2654 As
590 2623 740 2655 Phormio
755 2623 859 2654 leaves
883 2623 940 2654 the
964 2626 1055 2663 stage

271 2667 312 2698 he
327 2667 479 2708 whispers
493 2669 528 2697 to
544 2666 627 2698 Geta
641 2667 713 2698 that
726 2666 766 2696 he
782 2666 845 2697 will
859 2666 900 2697 be
915 2670 948 2697 at
958 2667 1057 2697 home

271 2710 300 2741 if
311 2710 352 2741 he
367 2710 395 2741 is
409 2710 544 2741 wanted.

314 2795 388 2827 Acr
419 2796 467 2826 ΙΙ.
509 2795 627 2826 Semta
658 2795 716 2825 JV.
757 2794 919 2834 Demipho
957 2795 1052 2826 sends

273 2838 355 2870 Geta
369 2838 417 2869 off
427 2842 462 2869 to
477 2839 552 2869 look
566 2839 615 2869 for
629 2837 788 2878 Antiph0;
810 2837 874 2867 and
890 2837 967 2867 then
980 2838 1053 2868 asks

271 2881 321 2911 his
338 2881 456 2911 friends
483 2881 568 2912 what
596 2881 623 2911 18
653 2881 735 2911 their
763 2879 895 2919 opinion
925 2880 961 2910 of
994 2880 1050 2910 the

271 2924 370 2955 affair.
425 2924 516 2964 They
539 2934 592 2954 are
615 2933 691 2964 very
716 2922 954 2959 ceremonious3
985 2924 1048 2953 and

271 2967 342 3006 give
357 2967 441 2997 their
464 2967 610 3007 opinions
633 2966 667 2996 in
692 2966 796 3001 order,
817 2965 1049 3005 contradicting

271 3009 349 3039 each
377 3009 480 3046 other,
514 3010 577 3040 and
606 3009 731 3049 leaving
755 3008 914 3048 Demipho
946 3009 979 3038 in
1002 3008 1051 3038 far

261 3078 263 3080 .
270 3056 395 3091 greater
408 3053 588 3093 perplexity
610 3052 691 3083 t-han
716 3061 799 3082 ever.
846 3052 929 3083 Geta
943 3061 1050 3083 comes

1098 2238 1191 2275 back,
1204 2239 1267 2269 and
1280 2249 1351 2279 says
1361 2239 1433 2270 that
1447 2239 1593 2280 Antipho
1607 2240 1636 2271 is
1650 2242 1709 2271 not
1722 2242 1757 2272 at
1770 2240 1878 2273 1101110.

1098 2261 1259 2322 Demipho
1275 2282 1466 2313 determines
1481 2286 1515 2313 to
1529 2283 1604 2314 wait
1618 2283 1669 2314 tiu
1682 2283 1735 2315 his
1747 2283 1880 2315 brother

1097 2324 1250 2355 Chremes
1276 2330 1414 2362 returns,
1439 2326 1503 2356 and
1532 2336 1609 2366 goes
1638 2326 1731 2358 down
1759 2330 1796 2358 to
1822 2326 1880 2362 flio

1098 2367 1249 2407 shipping
1262 2371 1297 2399 to
1312 2369 1436 2409 inquire
1451 2369 1532 2400 after
1546 2369 1623 2400 him.

1141 2410 1212 2441 The
1228 2411 1356 2442 Metre
1347 2422 1374 2442 18
1389 2412 1506 2443 iambic
1520 2413 1675 2443 trimeter.
1819 2414 1821 2416 ’

1142 2455 1172 2484 2.
1186 2455 1374 2495 Impedivit]
1398 2455 1458 2486 See
1466 2459 1544 2486 note
1552 2465 1595 2493 011
1606 2455 1778 2487 Andriaiii.
1787 2457 1819 2488 5.
1827 2446 1879 2488 11.

1142 2497 1173 2527 6.
1203 2498 1329 2528 Videtis
1359 2508 1420 2538 quo
1453 2501 1485 2529 in
1516 2500 1585 2529 loco
1614 2508 1667 2530 ree
1696 2499 1777 2530 haee
1798 2498 1877 2540 ciet]

1099 2539 1258 2580 Compare
1274 2541 1417 2578 Plautus,
1434 2541 1586 2582 Epidicus
1600 2541 1621 2572 i.
1642 2542 1671 2573 l.
1687 2542 1751 2573 84:

1117 2601 1137 2616 ‘⁴
1153 2599 1226 2633 Quo
1241 2600 1275 2630 in
1290 2600 1360 2631 loco
1375 2601 1454 2631 haec
1468 2611 1519 2632 res
1534 2601 1576 2632 sit
1595 2601 1694 2638 vides,
1711 2599 1880 2642 Epidioe.”

1150 2667 1200 2697 11.
1221 2667 1364 2698 Reotitui
1379 2669 1413 2697 in
1428 2667 1608 2708 inteyrum]
1635 2668 1784 2699 Cratinus
1795 2667 1882 2708 gives

1104 2709 1154 2739 his
1178 2710 1331 2749 opinion:
1368 2711 1420 2741 ‘It
1445 2711 1471 2740 18
1498 2711 1573 2750 only
1599 2711 1659 2741 fair
1683 2711 1745 2741 and
1766 2720 1883 2751 proper

1096 2752 1168 2782 that
1190 2753 1275 2783 what
1297 2763 1378 2792 your
1400 2763 1458 2783 son
1481 2753 1539 2784 has
1561 2753 1645 2784 done
1667 2753 1743 2784 here
1764 2754 1882 2794 during

1097 2805 1177 2834 your
1199 2795 1336 2826 absence
1362 2796 1477 2826 should
1501 2796 1542 2826 be
1564 2796 1748 2827 cancelledss
1785 2800 1803 2831 ,⁴
1816 2797 1880 2828 Rae-

1098 2838 1187 2868 stitui
1210 2839 1243 2868 in
1267 2839 1428 2878 integrum
1441 2839 1448 2853 ¹
1465 2839 1601 2879 literally
1617 2837 1726 2870 means
1743 2842 1751 2857 ¹
1765 2839 1882 2870 should

1095 2880 1134 2910 be
1161 2882 1307 2921 replaced
1335 2892 1376 2912 on
1403 2883 1445 2911 its
1469 2882 1603 2921 original
1629 2882 1775 2921 footing!
1821 2882 1882 2913 See

1093 2927 1170 2953 note
1185 2934 1226 2954 on
1243 2928 1251 2941 ⁴
1266 2924 1412 2964 integer,'
1432 2925 1551 2955 Heaut.
1570 2925 1654 2955 Prol.
1672 2927 1703 2955 4.
1744 2925 1785 2956 In
1799 2924 1883 2964 legal

1092 2966 1248 3006 language
1263 2967 1327 2997 this
1343 2978 1406 2997 was
1422 2967 1523 2998 called
1541 2971 1548 2985 ‘
1562 2968 1722 2998 restitutio
1743 2968 1779 2998 iu
1797 2968 1882 2998 iute-

1094 3009 1211 3048 grum.'
1268 3010 1398 3050 Among
1424 3011 1517 3040 other
1539 3010 1681 3051 grounds
1707 3020 1751 3042 ou
1777 3010 1882 3041 which

1093 3061 1135 3082 an
1158 3052 1266 3083 action
1293 3052 1342 3084 for
1364 3053 1543 3085 ‘restitutio
1557 3053 1565 3068 ’
1592 3053 1686 3084 could
1711 3053 1754 3084 be
1777 3053 1880 3084 main-
