<?xml version="1.0" encoding="UTF-8"?>
<!DOCTYPE html PUBLIC "-//W3C//DTD XHTML 1.0 Transitional//EN"
    "http://www.w3.org/TR/xhtml1/DTD/xhtml1-transitional.dtd">
<html xmlns="http://www.w3.org/1999/xhtml" xml:lang="en" lang="en">
 <head>
  <title>
</title>
<meta http-equiv="Content-Type" content="text/html;charset=utf-8" />
  <meta name='ocr-system' content='tesseract 3.04.00' />
  <meta name='ocr-capabilities' content='ocr_page ocr_carea ocr_par ocr_line ocrx_word'/>
</head>
<body>
  <div class='ocr_page' id='page_1' title='image "./comoediaesexwith00tereuoft_0214.png"; bbox 0 0 2020 3412; ppageno 0'>
   <div class='ocr_carea' id='block_1_1' title="bbox 254 263 1809 436">
    <p class='ocr_par' dir='ltr' id='par_1_1' title="bbox 254 263 1809 436">
     <span class='ocr_line' id='line_1_1' title="bbox 254 263 1230 310; baseline -0.001 -3"><span class='ocrx_word' id='word_1_1' title='bbox 254 264 336 307; x_wconf 79' lang='lat'>140</span> <span class='ocrx_word' id='word_1_2' title='bbox 730 263 732 265; x_wconf 66' lang='grc'><strong>’</strong></span> <span class='ocrx_word' id='word_1_3' title='bbox 884 264 1230 310; x_wconf 77' lang='lat' dir='ltr'><strong>EUNUOHUS.</strong></span> 
     </span>
     <span class='ocr_line' id='line_1_2' title="bbox 368 376 1809 436; baseline -0.001 -14"><span class='ocrx_word' id='word_1_4' title='bbox 368 379 433 422; x_wconf 87' lang='lat' dir='ltr'>Ut</span> <span class='ocrx_word' id='word_1_5' title='bbox 451 385 502 422; x_wconf 94' lang='lat' dir='ltr'>tu</span> <span class='ocrx_word' id='word_1_6' title='bbox 520 379 616 422; x_wconf 88' lang='lat' dir='ltr'>illos</span> <span class='ocrx_word' id='word_1_7' title='bbox 635 380 785 436; x_wconf 83' lang='lat' dir='ltr'>procul</span> <span class='ocrx_word' id='word_1_8' title='bbox 804 380 906 422; x_wconf 88' lang='lat' dir='ltr'>hinc</span> <span class='ocrx_word' id='word_1_9' title='bbox 927 396 982 422; x_wconf 82' lang='lat' dir='ltr'>ex</span> <span class='ocrx_word' id='word_1_10' title='bbox 1001 379 1166 422; x_wconf 79' lang='lat' dir='ltr'>occulto</span> <span class='ocrx_word' id='word_1_11' title='bbox 1187 378 1406 420; x_wconf 80' lang='lat' dir='ltr'>caederes:</span> <span class='ocrx_word' id='word_1_12' title='bbox 1439 376 1629 420; x_wconf 83' lang='lat' dir='ltr'>facerent</span> <span class='ocrx_word' id='word_1_13' title='bbox 1649 377 1809 435; x_wconf 81' lang='lat' dir='ltr'>fugam.</span> 
     </span>
    </p>
   </div>
   <div class='ocr_carea' id='block_1_2' title="bbox 370 443 2016 1092">
    <p class='ocr_par' dir='ltr' id='par_1_2' title="bbox 372 443 1863 553">
     <span class='ocr_line' id='line_1_3' title="bbox 372 443 1863 500; baseline 0 -13"><span class='ocrx_word' id='word_1_14' title='bbox 372 446 413 487; x_wconf 86' lang='lat' dir='ltr'><em>T</em></span> <span class='ocrx_word' id='word_1_15' title='bbox 408 448 471 487; x_wconf 75' lang='lat' dir='ltr'>hr.</span> <span class='ocrx_word' id='word_1_16' title='bbox 504 446 589 488; x_wconf 83' lang='lat' dir='ltr'>Sed</span> <span class='ocrx_word' id='word_1_17' title='bbox 608 461 750 488; x_wconf 89' lang='lat' dir='ltr'>eccam</span> <span class='ocrx_word' id='word_1_18' title='bbox 770 446 979 487; x_wconf 83' lang='lat' dir='ltr'>Thaidem</span> <span class='ocrx_word' id='word_1_19' title='bbox 998 445 1137 500; x_wconf 82' lang='lat' dir='ltr'>ipsam</span> <span class='ocrx_word' id='word_1_20' title='bbox 1155 443 1291 486; x_wconf 89' lang='lat' dir='ltr'>video.</span> <span class='ocrx_word' id='word_1_21' title='bbox 1359 443 1439 486; x_wconf 91' lang='lat' dir='ltr'>Gn.</span> <span class='ocrx_word' id='word_1_22' title='bbox 1473 443 1615 490; x_wconf 81' lang='lat' dir='ltr'>Quam</span> <span class='ocrx_word' id='word_1_23' title='bbox 1632 459 1735 486; x_wconf 87' lang='lat' dir='ltr'>mox</span> <span class='ocrx_word' id='word_1_24' title='bbox 1753 444 1863 487; x_wconf 82' lang='lat' dir='ltr'>irru-</span> 
     </span>
     <span class='ocr_line' id='line_1_4' title="bbox 426 512 908 553; baseline 0 0"><span class='ocrx_word' id='word_1_25' title='bbox 426 512 537 553; x_wconf 86' lang='lat' dir='ltr'>imus</span> <span class='ocrx_word' id='word_1_26' title='bbox 551 513 571 553; x_wconf 99' lang='grc' dir='ltr'><em>Ρ</em></span> <span class='ocrx_word' id='word_1_27' title='bbox 636 512 733 553; x_wconf 79' lang='lat' dir='ltr'>ler.</span> <span class='ocrx_word' id='word_1_28' title='bbox 766 512 908 553; x_wconf 88' lang='lat' dir='ltr'>Mane.</span> 
     </span>
    </p>

    <p class='ocr_par' dir='ltr' id='par_1_3' title="bbox 371 574 1585 633">
     <span class='ocr_line' id='line_1_5' title="bbox 371 574 1585 633; baseline -0.002 -14"><span class='ocrx_word' id='word_1_29' title='bbox 371 576 527 619; x_wconf 89' lang='lat' dir='ltr'>Omnia</span> <span class='ocrx_word' id='word_1_30' title='bbox 547 577 666 633; x_wconf 90' lang='lat' dir='ltr'>prius</span> <span class='ocrx_word' id='word_1_31' title='bbox 687 577 874 632; x_wconf 84' lang='lat' dir='ltr'>experiri</span> <span class='ocrx_word' id='word_1_32' title='bbox 894 591 1024 631; x_wconf 89' lang='lat' dir='ltr'>quam</span> <span class='ocrx_word' id='word_1_33' title='bbox 1045 574 1174 616; x_wconf 84' lang='lat' dir='ltr'>armis</span> <span class='ocrx_word' id='word_1_34' title='bbox 1195 574 1433 630; x_wconf 74' lang='lat' dir='ltr'>sapientem</span> <span class='ocrx_word' id='word_1_35' title='bbox 1452 575 1585 617; x_wconf 90' lang='lat' dir='ltr'>decet.</span> 
     </span>
    </p>

    <p class='ocr_par' dir='ltr' id='par_1_4' title="bbox 371 639 2016 749">
     <span class='ocr_line' id='line_1_6' title="bbox 371 639 1869 697; baseline -0.001 -13"><span class='ocrx_word' id='word_1_36' title='bbox 371 642 457 689; x_wconf 61' lang='lat' dir='ltr'>Qui·</span> <span class='ocrx_word' id='word_1_37' title='bbox 489 643 569 684; x_wconf 89' lang='lat' dir='ltr'>scis</span> <span class='ocrx_word' id='word_1_38' title='bbox 602 657 658 684; x_wconf 89' lang='lat' dir='ltr'>an</span> <span class='ocrx_word' id='word_1_39' title='bbox 692 657 801 697; x_wconf 88' lang='lat' dir='ltr'>quae</span> <span class='ocrx_word' id='word_1_40' title='bbox 828 641 1004 697; x_wconf 87' lang='lat' dir='ltr'>jubeam</span> <span class='ocrx_word' id='word_1_41' title='bbox 1038 640 1130 682; x_wconf 89' lang='lat' dir='ltr'>sine</span> <span class='ocrx_word' id='word_1_42' title='bbox 1161 640 1206 682; x_wconf 88' lang='lat' dir='ltr'>vi</span> <span class='ocrx_word' id='word_1_43' title='bbox 1238 639 1401 682; x_wconf 80' lang='lat' dir='ltr'>faciat?</span> <span class='ocrx_word' id='word_1_44' title='bbox 1477 640 1556 682; x_wconf 87' lang='lat' dir='ltr'>Gn.</span> <span class='ocrx_word' id='word_1_45' title='bbox 1589 639 1648 682; x_wconf 87' lang='lat' dir='ltr'>Di</span> <span class='ocrx_word' id='word_1_46' title='bbox 1681 645 1869 683; x_wconf 87' lang='lat' dir='ltr'>vestram</span> 
     </span>
     <span class='ocr_line' id='line_1_7' title="bbox 427 707 2016 749; baseline 0 -1"><span class='ocrx_word' id='word_1_47' title='bbox 427 707 581 749; x_wconf 79' lang='lat' dir='ltr'>fidem!</span> <span class='ocrx_word' id='word_1_48' title='bbox 1823 719 1870 749; x_wconf 85' lang='lat'>20</span> <span class='ocrx_word' id='word_1_49' title='bbox 2010 721 2016 739; x_wconf 51' lang='grc' dir='ltr'>ι</span> 
     </span>
    </p>

    <p class='ocr_par' dir='ltr' id='par_1_5' title="bbox 372 770 1867 827">
     <span class='ocr_line' id='line_1_8' title="bbox 372 770 1867 827; baseline 0 -13"><span class='ocrx_word' id='word_1_50' title='bbox 372 773 535 820; x_wconf 74' lang='lat' dir='ltr'>Quanti</span> <span class='ocrx_word' id='word_1_51' title='bbox 556 777 619 814; x_wconf 86' lang='lat' dir='ltr'>est</span> <span class='ocrx_word' id='word_1_52' title='bbox 635 787 780 827; x_wconf 81' lang='lat' dir='ltr'>sapere</span> <span class='ocrx_word' id='word_1_53' title='bbox 797 771 805 813; x_wconf 84' lang='lat'>!</span> <span class='ocrx_word' id='word_1_54' title='bbox 839 787 1062 827; x_wconf 89' lang='lat' dir='ltr'>nunquam</span> <span class='ocrx_word' id='word_1_55' title='bbox 1077 771 1229 813; x_wconf 81' lang='lat' dir='ltr'>accedo</span> <span class='ocrx_word' id='word_1_56' title='bbox 1245 770 1351 827; x_wconf 87' lang='lat' dir='ltr'>quin</span> <span class='ocrx_word' id='word_1_57' title='bbox 1372 771 1445 813; x_wconf 89' lang='lat' dir='ltr'>abs</span> <span class='ocrx_word' id='word_1_58' title='bbox 1465 775 1509 813; x_wconf 91' lang='lat' dir='ltr'>te</span> <span class='ocrx_word' id='word_1_59' title='bbox 1528 772 1678 814; x_wconf 87' lang='lat' dir='ltr'>abeam</span> <span class='ocrx_word' id='word_1_60' title='bbox 1692 771 1867 814; x_wconf 75' lang='lat' dir='ltr'>doctior.</span> 
     </span>
    </p>

    <p class='ocr_par' dir='ltr' id='par_1_6' title="bbox 374 837 1871 959">
     <span class='ocr_line' id='line_1_9' title="bbox 374 837 1871 893; baseline 0 -13"><span class='ocrx_word' id='word_1_61' title='bbox 374 838 472 880; x_wconf 73' lang='lat' dir='ltr'>Thr.</span> <span class='ocrx_word' id='word_1_62' title='bbox 506 838 648 888; x_wconf 80' lang='lat' dir='ltr'><strong>Thais,</strong></span> <span class='ocrx_word' id='word_1_63' title='bbox 685 837 876 893; x_wconf 88' lang='lat' dir='ltr'>primum</span> <span class='ocrx_word' id='word_1_64' title='bbox 909 837 990 879; x_wconf 91' lang='lat' dir='ltr'>hoc</span> <span class='ocrx_word' id='word_1_65' title='bbox 1021 837 1132 879; x_wconf 89' lang='lat' dir='ltr'>mihi</span> <span class='ocrx_word' id='word_1_66' title='bbox 1161 837 1397 892; x_wconf 84' lang='lat' dir='ltr'>responde3</span> <span class='ocrx_word' id='word_1_67' title='bbox 1429 852 1529 879; x_wconf 90' lang='lat' dir='ltr'>cum</span> <span class='ocrx_word' id='word_1_68' title='bbox 1557 838 1639 880; x_wconf 90' lang='lat' dir='ltr'>tibi</span> <span class='ocrx_word' id='word_1_69' title='bbox 1665 838 1719 880; x_wconf 93' lang='lat' dir='ltr'>do</span> <span class='ocrx_word' id='word_1_70' title='bbox 1742 838 1871 880; x_wconf 84' lang='lat' dir='ltr'>istam</span> 
     </span>
     <span class='ocr_line' id='line_1_10' title="bbox 427 903 645 959; baseline -0.009 -13"><span class='ocrx_word' id='word_1_71' title='bbox 427 903 645 959; x_wconf 85' lang='lat' dir='ltr'>virginem</span> 
     </span>
    </p>

    <p class='ocr_par' dir='ltr' id='par_1_7' title="bbox 370 945 1840 1024">
     <span class='ocr_line' id='line_1_11' title="bbox 370 945 1840 1024; baseline 0 -13"><span class='ocrx_word' id='word_1_72' title='bbox 370 969 552 1011; x_wconf 76' lang='lat' dir='ltr'>Dixtine</span> <span class='ocrx_word' id='word_1_73' title='bbox 571 969 649 1011; x_wconf 87' lang='lat' dir='ltr'>hos</span> <span class='ocrx_word' id='word_1_74' title='bbox 668 968 779 1010; x_wconf 84' lang='lat' dir='ltr'>mihi</span> <span class='ocrx_word' id='word_1_75' title='bbox 799 968 889 1010; x_wconf 85' lang='lat' dir='ltr'>dies</span> <span class='ocrx_word' id='word_1_76' title='bbox 910 968 989 1010; x_wconf 86' lang='lat' dir='ltr'>soli</span> <span class='ocrx_word' id='word_1_77' title='bbox 1009 968 1110 1010; x_wconf 91' lang='lat' dir='ltr'>dare</span> <span class='ocrx_word' id='word_1_78' title='bbox 1130 969 1207 1011; x_wconf 80' lang='lat' dir='ltr'>te?</span> <span class='ocrx_word' id='word_1_79' title='bbox 1271 968 1372 1010; x_wconf 75' lang='lat' dir='ltr'>Tha.</span> <span class='ocrx_word' id='word_1_80' title='bbox 1407 968 1524 1016; x_wconf 77' lang='lat' dir='ltr'>Quid</span> <span class='ocrx_word' id='word_1_81' title='bbox 1542 972 1638 1010; x_wconf 89' lang='lat' dir='ltr'>tum</span> <span class='ocrx_word' id='word_1_82' title='bbox 1655 945 1803 1024; x_wconf 82' lang='lat' dir='ltr'>postea</span> <span class='ocrx_word' id='word_1_83' title='bbox 1819 969 1840 1011; x_wconf 87' lang='grc' dir='ltr'><em>Ρ</em></span> 
     </span>
    </p>

    <p class='ocr_par' dir='ltr' id='par_1_8' title="bbox 375 1033 1873 1092">
     <span class='ocr_line' id='line_1_12' title="bbox 375 1033 1873 1092; baseline 0 -15"><span class='ocrx_word' id='word_1_84' title='bbox 375 1036 472 1077; x_wconf 70' lang='lat' dir='ltr'>Thr.</span> <span class='ocrx_word' id='word_1_85' title='bbox 506 1035 701 1092; x_wconf 76' lang='lat' dir='ltr'>Rogitas,</span> <span class='ocrx_word' id='word_1_86' title='bbox 724 1050 832 1091; x_wconf 90' lang='lat' dir='ltr'>quae</span> <span class='ocrx_word' id='word_1_87' title='bbox 852 1033 963 1076; x_wconf 90' lang='lat' dir='ltr'>mihi</span> <span class='ocrx_word' id='word_1_88' title='bbox 983 1039 1082 1076; x_wconf 87' lang='lat' dir='ltr'>ante</span> <span class='ocrx_word' id='word_1_89' title='bbox 1102 1034 1244 1077; x_wconf 88' lang='lat' dir='ltr'>oculos</span> <span class='ocrx_word' id='word_1_90' title='bbox 1265 1049 1408 1076; x_wconf 89' lang='lat' dir='ltr'>coram</span> <span class='ocrx_word' id='word_1_91' title='bbox 1437 1039 1672 1076; x_wconf 80' lang='lat' dir='ltr'>amatorem</span> <span class='ocrx_word' id='word_1_92' title='bbox 1691 1034 1873 1077; x_wconf 79' lang='lat' dir='ltr'>adduxti</span> 
     </span>
    </p>
   </div>
   <div class='ocr_carea' id='block_1_3' title="bbox 1974 0 2020 576">
    <p class='ocr_par' dir='ltr' id='par_1_9' title="bbox 1974 0 2020 576">
     <span class='ocr_line' id='line_1_13' title="bbox 1974 0 2020 576; baseline 0 2836"><span class='ocrx_word' id='word_1_93' title='bbox 1974 0 2020 576; x_wconf 95' lang='lat' dir='ltr'> </span> 
     </span>
    </p>
   </div>
   <div class='ocr_carea' id='block_1_4' title="bbox 1999 546 2017 669">
    <p class='ocr_par' dir='ltr' id='par_1_10' title="bbox 1999 546 2017 669">
     <span class='ocr_line' id='line_1_14' title="bbox 1999 546 2017 669; textangle 90"><span class='ocrx_word' id='word_1_94' title='bbox 2002 583 2017 669; x_wconf 47' lang='lat' dir='ltr'>4:³2·th-</span> <span class='ocrx_word' id='word_1_95' title='bbox 2002 566 2006 570; x_wconf 88' lang='lat'>&#39;</span> <span class='ocrx_word' id='word_1_96' title='bbox 1999 546 2006 550; x_wconf 78' lang='grc'>·’</span> 
     </span>
    </p>
   </div>
   <div class='ocr_carea' id='block_1_5' title="bbox 2007 675 2017 1031">
    <p class='ocr_par' dir='ltr' id='par_1_11' title="bbox 2007 675 2017 1031">
     <span class='ocr_line' id='line_1_15' title="bbox 2007 675 2017 1031; textangle 90"><span class='ocrx_word' id='word_1_97' title='bbox 2007 824 2017 1031; x_wconf 44' lang='grc' dir='ltr'>ν-,ΜυωθΝ-»ω</span> <span class='ocrx_word' id='word_1_98' title='bbox 2011 806 2016 816; x_wconf 62' lang='lat'>2.</span> <span class='ocrx_word' id='word_1_99' title='bbox 2013 743 2017 795; x_wconf 68' lang='grc'><strong>,,..,..</strong></span> <span class='ocrx_word' id='word_1_100' title='bbox 2010 687 2017 720; x_wconf 60' lang='lat' dir='ltr'>..u</span> <span class='ocrx_word' id='word_1_101' title='bbox 2015 675 2017 679; x_wconf 92' lang='lat'><strong>.</strong></span> 
     </span>
    </p>
   </div>
   <div class='ocr_carea' id='block_1_6' title="bbox 376 1102 1875 1277">
    <p class='ocr_par' dir='ltr' id='par_1_12' title="bbox 376 1102 1875 1277">
     <span class='ocr_line' id='line_1_16' title="bbox 376 1102 1875 1232; baseline 0 -24"><span class='ocrx_word' id='word_1_102' title='bbox 376 1102 627 1214; x_wconf 54' lang='grc' dir='ltr'><strong>ΤΙιῗἚιῖιᾱ</strong></span> <span class='ocrx_word' id='word_1_103' title='bbox 647 1183 751 1232; x_wconf 62' lang='lat' dir='ltr'>cum&gt;</span> <span class='ocrx_word' id='word_1_104' title='bbox 765 1167 841 1231; x_wconf 86' lang='lat' dir='ltr'>illo</span> <span class='ocrx_word' id='word_1_105' title='bbox 862 1182 965 1223; x_wconf 86' lang='lat' dir='ltr'>agas</span> <span class='ocrx_word' id='word_1_106' title='bbox 983 1167 1003 1209; x_wconf 87' lang='grc' dir='ltr'><em>Ρ</em></span> <span class='ocrx_word' id='word_1_107' title='bbox 1067 1166 1165 1208; x_wconf 80' lang='lat' dir='ltr'>ler.</span> <span class='ocrx_word' id='word_1_108' title='bbox 1198 1167 1257 1208; x_wconf 87' lang='lat' dir='ltr'>Et</span> <span class='ocrx_word' id='word_1_109' title='bbox 1284 1181 1382 1209; x_wconf 91' lang='lat' dir='ltr'>cum</span> <span class='ocrx_word' id='word_1_110' title='bbox 1405 1182 1454 1208; x_wconf 92' lang='lat' dir='ltr'>eo</span> <span class='ocrx_word' id='word_1_111' title='bbox 1475 1166 1587 1208; x_wconf 88' lang='lat' dir='ltr'>clam</span> <span class='ocrx_word' id='word_1_112' title='bbox 1605 1171 1649 1208; x_wconf 90' lang='lat' dir='ltr'>te</span> <span class='ocrx_word' id='word_1_113' title='bbox 1669 1166 1875 1209; x_wconf 80' lang='lat' dir='ltr'>subduxti</span> 
     </span>
     <span class='ocr_line' id='line_1_17' title="bbox 429 1233 1873 1277; baseline 0 -2"><span class='ocrx_word' id='word_1_114' title='bbox 429 1233 540 1275; x_wconf 89' lang='lat' dir='ltr'>mihi</span> <span class='ocrx_word' id='word_1_115' title='bbox 555 1234 575 1275; x_wconf 90' lang='grc' dir='ltr'><em>Ρ</em></span> <span class='ocrx_word' id='word_1_116' title='bbox 1828 1245 1873 1277; x_wconf 81' lang='lat'>25</span> 
     </span>
    </p>
   </div>
   <div class='ocr_carea' id='block_1_7' title="bbox 376 1298 1878 1671">
    <p class='ocr_par' dir='ltr' id='par_1_13' title="bbox 376 1298 672 1420">
     <span class='ocr_line' id='line_1_18' title="bbox 376 1298 672 1341; baseline 0 -1"><span class='ocrx_word' id='word_1_117' title='bbox 376 1298 477 1340; x_wconf 70' lang='lat' dir='ltr'>Tha.</span> <span class='ocrx_word' id='word_1_118' title='bbox 510 1298 672 1341; x_wconf 82' lang='lat' dir='ltr'>Libuit.</span> 
     </span>
     <span class='ocr_line' id='line_1_19' title="bbox 431 1365 552 1420; baseline 0 -14"><span class='ocrx_word' id='word_1_119' title='bbox 431 1365 552 1420; x_wconf 91' lang='lat' dir='ltr'>eripi.</span> 
     </span>
    </p>

    <p class='ocr_par' dir='ltr' id='par_1_14' title="bbox 378 1429 1873 1553">
     <span class='ocr_line' id='line_1_20' title="bbox 378 1429 1873 1489; baseline 0 -17"><span class='ocrx_word' id='word_1_120' title='bbox 378 1430 451 1473; x_wconf 72' lang='lat' dir='ltr'>Ch.</span> <span class='ocrx_word' id='word_1_121' title='bbox 485 1431 586 1489; x_wconf 86' lang='lat' dir='ltr'>Tibi</span> <span class='ocrx_word' id='word_1_122' title='bbox 602 1431 724 1472; x_wconf 83' lang='lat' dir='ltr'>issam</span> <span class='ocrx_word' id='word_1_123' title='bbox 743 1431 929 1473; x_wconf 80' lang='lat' dir='ltr'>reddat?</span> <span class='ocrx_word' id='word_1_124' title='bbox 960 1436 1034 1473; x_wconf 90' lang='lat' dir='ltr'>aut</span> <span class='ocrx_word' id='word_1_125' title='bbox 1054 1435 1103 1473; x_wconf 91' lang='lat' dir='ltr'>tu</span> <span class='ocrx_word' id='word_1_126' title='bbox 1123 1431 1245 1473; x_wconf 82' lang='lat' dir='ltr'>illam</span> <span class='ocrx_word' id='word_1_127' title='bbox 1264 1435 1419 1487; x_wconf 87' lang='lat' dir='ltr'>tangas</span> <span class='ocrx_word' id='word_1_128' title='bbox 1439 1430 1633 1472; x_wconf 82' lang='lat' dir='ltr'>omnium</span> <span class='ocrx_word' id='word_1_129' title='bbox 1651 1429 1744 1472; x_wconf 85' lang='grc' dir='ltr'>-Ρ</span> <span class='ocrx_word' id='word_1_130' title='bbox 1793 1429 1873 1473; x_wconf 90' lang='lat' dir='ltr'>Gn.</span> 
     </span>
     <span class='ocr_line' id='line_1_21' title="bbox 431 1495 932 1553; baseline 0 -15"><span class='ocrx_word' id='word_1_131' title='bbox 431 1495 518 1547; x_wconf 86' lang='lat' dir='ltr'>Ah,</span> <span class='ocrx_word' id='word_1_132' title='bbox 542 1497 647 1552; x_wconf 86' lang='lat' dir='ltr'>quid</span> <span class='ocrx_word' id='word_1_133' title='bbox 667 1496 760 1553; x_wconf 88' lang='lat' dir='ltr'>agis</span> <span class='ocrx_word' id='word_1_134' title='bbox 775 1497 795 1538; x_wconf 89' lang='grc' dir='ltr'><em>Ρ</em></span> <span class='ocrx_word' id='word_1_135' title='bbox 827 1501 932 1538; x_wconf 89' lang='lat' dir='ltr'>tace.</span> 
     </span>
    </p>

    <p class='ocr_par' dir='ltr' id='par_1_15' title="bbox 379 1561 1878 1671">
     <span class='ocr_line' id='line_1_22' title="bbox 379 1561 1878 1620; baseline -0.001 -15"><span class='ocrx_word' id='word_1_136' title='bbox 379 1563 477 1605; x_wconf 70' lang='lat' dir='ltr'>Thr.</span> <span class='ocrx_word' id='word_1_137' title='bbox 512 1563 628 1610; x_wconf 75' lang='lat' dir='ltr'>Quid</span> <span class='ocrx_word' id='word_1_138' title='bbox 654 1568 704 1604; x_wconf 88' lang='lat' dir='ltr'>tu</span> <span class='ocrx_word' id='word_1_139' title='bbox 723 1563 804 1605; x_wconf 90' lang='lat' dir='ltr'>tibi</span> <span class='ocrx_word' id='word_1_140' title='bbox 823 1563 923 1605; x_wconf 77' lang='lat' dir='ltr'>vis?</span> <span class='ocrx_word' id='word_1_141' title='bbox 954 1578 1034 1620; x_wconf 85' lang='lat' dir='ltr'>ego</span> <span class='ocrx_word' id='word_1_142' title='bbox 1063 1578 1153 1604; x_wconf 89' lang='lat' dir='ltr'>non</span> <span class='ocrx_word' id='word_1_143' title='bbox 1181 1567 1362 1618; x_wconf 88' lang='lat' dir='ltr'>tangam</span> <span class='ocrx_word' id='word_1_144' title='bbox 1389 1562 1567 1604; x_wconf 77' lang='lat' dir='ltr'>meam?</span> <span class='ocrx_word' id='word_1_145' title='bbox 1632 1561 1706 1605; x_wconf 69' lang='lat' dir='ltr'>Oh.</span> <span class='ocrx_word' id='word_1_146' title='bbox 1739 1561 1878 1604; x_wconf 88' lang='lat' dir='ltr'>Tuam</span> 
     </span>
     <span class='ocr_line' id='line_1_23' title="bbox 434 1628 802 1671; baseline 0 -1"><span class='ocrx_word' id='word_1_147' title='bbox 434 1633 579 1671; x_wconf 90' lang='lat' dir='ltr'>autem</span> <span class='ocrx_word' id='word_1_148' title='bbox 597 1629 774 1671; x_wconf 86' lang='lat' dir='ltr'>furcifer</span> <span class='ocrx_word' id='word_1_149' title='bbox 793 1628 802 1670; x_wconf 80' lang='lat'>1</span> 
     </span>
    </p>
   </div>
   <div class='ocr_carea' id='block_1_8' title="bbox 740 1297 1874 1354">
    <p class='ocr_par' dir='ltr' id='par_1_16' title="bbox 740 1297 1874 1354">
     <span class='ocr_line' id='line_1_24' title="bbox 740 1297 1874 1354; baseline 0.001 -14"><span class='ocrx_word' id='word_1_150' title='bbox 740 1299 836 1340; x_wconf 69' lang='lat' dir='ltr'>Thr.</span> <span class='ocrx_word' id='word_1_151' title='bbox 869 1298 1146 1354; x_wconf 88' lang='lat' dir='ltr'>Pamphilam</span> <span class='ocrx_word' id='word_1_152' title='bbox 1166 1313 1269 1354; x_wconf 88' lang='lat' dir='ltr'>ergo</span> <span class='ocrx_word' id='word_1_153' title='bbox 1288 1298 1374 1340; x_wconf 92' lang='lat' dir='ltr'>huc</span> <span class='ocrx_word' id='word_1_154' title='bbox 1394 1298 1537 1348; x_wconf 89' lang='lat' dir='ltr'>redde,</span> <span class='ocrx_word' id='word_1_155' title='bbox 1568 1297 1654 1340; x_wconf 88' lang='lat' dir='ltr'>nisi</span> <span class='ocrx_word' id='word_1_156' title='bbox 1672 1297 1719 1340; x_wconf 86' lang='lat' dir='ltr'>vi</span> <span class='ocrx_word' id='word_1_157' title='bbox 1737 1298 1874 1341; x_wconf 85' lang='lat' dir='ltr'>mavis</span> 
     </span>
    </p>
   </div>
   <div class='ocr_carea' id='block_1_9' title="bbox 376 1693 1880 1949">
    <p class='ocr_par' dir='ltr' id='par_1_17' title="bbox 380 1693 1879 1803">
     <span class='ocr_line' id='line_1_25' title="bbox 380 1693 1879 1746; baseline -0.001 -10"><span class='ocrx_word' id='word_1_158' title='bbox 380 1694 459 1736; x_wconf 88' lang='lat' dir='ltr'>Gn.</span> <span class='ocrx_word' id='word_1_159' title='bbox 493 1694 606 1737; x_wconf 81' lang='lat' dir='ltr'>Cave</span> <span class='ocrx_word' id='word_1_160' title='bbox 627 1695 708 1746; x_wconf 90' lang='lat' dir='ltr'>sis;</span> <span class='ocrx_word' id='word_1_161' title='bbox 739 1694 878 1737; x_wconf 82' lang='lat' dir='ltr'>nescis</span> <span class='ocrx_word' id='word_1_162' title='bbox 908 1693 978 1736; x_wconf 91' lang='lat' dir='ltr'>cui</span> <span class='ocrx_word' id='word_1_163' title='bbox 1007 1708 1123 1735; x_wconf 91' lang='lat' dir='ltr'>nunc</span> <span class='ocrx_word' id='word_1_164' title='bbox 1152 1693 1265 1735; x_wconf 88' lang='lat' dir='ltr'>male</span> <span class='ocrx_word' id='word_1_165' title='bbox 1293 1693 1408 1735; x_wconf 84' lang='lat' dir='ltr'>dicas</span> <span class='ocrx_word' id='word_1_166' title='bbox 1428 1693 1534 1735; x_wconf 81' lang='lat' dir='ltr'>viro.</span> <span class='ocrx_word' id='word_1_167' title='bbox 1602 1693 1675 1736; x_wconf 73' lang='lat' dir='ltr'>Oh.</span> <span class='ocrx_word' id='word_1_168' title='bbox 1707 1693 1810 1736; x_wconf 86' lang='lat' dir='ltr'>Non</span> <span class='ocrx_word' id='word_1_169' title='bbox 1828 1696 1879 1735; x_wconf 91' lang='lat' dir='ltr'>tu</span> 
     </span>
     <span class='ocr_line' id='line_1_26' title="bbox 432 1761 684 1803; baseline 0.004 -1"><span class='ocrx_word' id='word_1_170' title='bbox 432 1761 536 1802; x_wconf 88' lang='lat' dir='ltr'>hinc</span> <span class='ocrx_word' id='word_1_171' title='bbox 557 1761 647 1803; x_wconf 87' lang='lat' dir='ltr'>abis</span> <span class='ocrx_word' id='word_1_172' title='bbox 664 1761 684 1803; x_wconf 91' lang='grc' dir='ltr'><em>Ρ</em></span> 
     </span>
    </p>

    <p class='ocr_par' dir='ltr' id='par_1_18' title="bbox 376 1823 1880 1949">
     <span class='ocr_line' id='line_1_27' title="bbox 376 1823 1879 1881; baseline -0.002 -12"><span class='ocrx_word' id='word_1_173' title='bbox 376 1826 478 1869; x_wconf 83' lang='lat' dir='ltr'>Scin</span> <span class='ocrx_word' id='word_1_174' title='bbox 498 1832 548 1869; x_wconf 91' lang='lat' dir='ltr'>tu</span> <span class='ocrx_word' id='word_1_175' title='bbox 567 1832 616 1868; x_wconf 92' lang='lat' dir='ltr'>ut</span> <span class='ocrx_word' id='word_1_176' title='bbox 635 1826 718 1869; x_wconf 88' lang='lat' dir='ltr'>tibi</span> <span class='ocrx_word' id='word_1_177' title='bbox 737 1842 805 1868; x_wconf 83' lang='lat' dir='ltr'>res</span> <span class='ocrx_word' id='word_1_178' title='bbox 826 1841 870 1868; x_wconf 91' lang='lat' dir='ltr'>se</span> <span class='ocrx_word' id='word_1_179' title='bbox 889 1826 1046 1868; x_wconf 87' lang='lat' dir='ltr'>habeat</span> <span class='ocrx_word' id='word_1_180' title='bbox 1063 1825 1083 1868; x_wconf 87' lang='grc' dir='ltr'><em>Ρ</em></span> <span class='ocrx_word' id='word_1_181' title='bbox 1143 1823 1190 1867; x_wconf 80' lang='lat' dir='ltr'>Si</span> <span class='ocrx_word' id='word_1_182' title='bbox 1210 1823 1441 1881; x_wconf 86' lang='lat' dir='ltr'>quicquam</span> <span class='ocrx_word' id='word_1_183' title='bbox 1468 1824 1597 1868; x_wconf 88' lang='lat' dir='ltr'>hodie</span> <span class='ocrx_word' id='word_1_184' title='bbox 1625 1824 1698 1867; x_wconf 80' lang='lat' dir='ltr'>hic</span> <span class='ocrx_word' id='word_1_185' title='bbox 1727 1824 1879 1867; x_wconf 87' lang='lat' dir='ltr'>turbae</span> 
     </span>
     <span class='ocr_line' id='line_1_28' title="bbox 435 1902 1880 1949; baseline -0.002 -14"><span class='ocrx_word' id='word_1_186' title='bbox 435 1909 635 1949; x_wconf 81' lang='lat' dir='ltr'>coeperis,</span> <span class='ocrx_word' id='word_1_187' title='bbox 1833 1902 1880 1933; x_wconf 84' lang='grc' dir='ltr'>3ο</span> 
     </span>
    </p>
   </div>
   <div class='ocr_carea' id='block_1_10' title="bbox 376 1956 1882 2271">
    <p class='ocr_par' dir='ltr' id='par_1_19' title="bbox 376 1956 1763 2014">
     <span class='ocr_line' id='line_1_29' title="bbox 376 1956 1763 2014; baseline -0.001 -13"><span class='ocrx_word' id='word_1_188' title='bbox 376 1958 553 2001; x_wconf 88' lang='lat' dir='ltr'>Faciam</span> <span class='ocrx_word' id='word_1_189' title='bbox 571 1963 621 2000; x_wconf 92' lang='lat' dir='ltr'>ut</span> <span class='ocrx_word' id='word_1_190' title='bbox 640 1957 770 2014; x_wconf 85' lang='lat' dir='ltr'>hujus</span> <span class='ocrx_word' id='word_1_191' title='bbox 790 1956 885 2008; x_wconf 91' lang='lat' dir='ltr'>loci,</span> <span class='ocrx_word' id='word_1_192' title='bbox 908 1956 1091 2013; x_wconf 88' lang='lat' dir='ltr'>dieique,</span> <span class='ocrx_word' id='word_1_193' title='bbox 1113 1956 1295 2013; x_wconf 79' lang='lat' dir='ltr'>meique,</span> <span class='ocrx_word' id='word_1_194' title='bbox 1318 1972 1485 2012; x_wconf 88' lang='lat' dir='ltr'>semper</span> <span class='ocrx_word' id='word_1_195' title='bbox 1504 1956 1763 1999; x_wconf 86' lang='lat' dir='ltr'>memineris.</span> 
     </span>
    </p>

    <p class='ocr_par' dir='ltr' id='par_1_20' title="bbox 381 2022 1880 2132">
     <span class='ocr_line' id='line_1_30' title="bbox 381 2022 1880 2078; baseline -0.001 -12"><span class='ocrx_word' id='word_1_196' title='bbox 381 2025 461 2067; x_wconf 87' lang='lat' dir='ltr'>Gn.</span> <span class='ocrx_word' id='word_1_197' title='bbox 485 2024 663 2066; x_wconf 90' lang='lat' dir='ltr'>Miseret</span> <span class='ocrx_word' id='word_1_198' title='bbox 682 2023 749 2065; x_wconf 90' lang='lat' dir='ltr'>tui</span> <span class='ocrx_word' id='word_1_199' title='bbox 763 2028 832 2064; x_wconf 85' lang='lat' dir='ltr'>me</span> <span class='ocrx_word' id='word_1_200' title='bbox 853 2022 928 2078; x_wconf 91' lang='lat' dir='ltr'>qui</span> <span class='ocrx_word' id='word_1_201' title='bbox 948 2023 1064 2065; x_wconf 90' lang='lat' dir='ltr'>hunc</span> <span class='ocrx_word' id='word_1_202' title='bbox 1083 2028 1256 2064; x_wconf 87' lang='lat' dir='ltr'>tantum</span> <span class='ocrx_word' id='word_1_203' title='bbox 1275 2022 1496 2064; x_wconf 91' lang='lat' dir='ltr'>hominem</span> <span class='ocrx_word' id='word_1_204' title='bbox 1510 2022 1641 2064; x_wconf 87' lang='lat' dir='ltr'>facias</span> <span class='ocrx_word' id='word_1_205' title='bbox 1655 2022 1880 2064; x_wconf 80' lang='lat' dir='ltr'>inimicum</span> 
     </span>
     <span class='ocr_line' id='line_1_31' title="bbox 434 2089 528 2132; baseline -0.011 0"><span class='ocrx_word' id='word_1_206' title='bbox 434 2089 528 2132; x_wconf 88' lang='lat' dir='ltr'>tibi.</span> 
     </span>
    </p>

    <p class='ocr_par' dir='ltr' id='par_1_21' title="bbox 382 2151 1882 2271">
     <span class='ocr_line' id='line_1_32' title="bbox 382 2151 1882 2211; baseline -0.002 -12"><span class='ocrx_word' id='word_1_207' title='bbox 382 2155 456 2199; x_wconf 75' lang='lat' dir='ltr'>Oh.</span> <span class='ocrx_word' id='word_1_208' title='bbox 488 2155 741 2200; x_wconf 85' lang='lat' dir='ltr'>Diminuam</span> <span class='ocrx_word' id='word_1_209' title='bbox 775 2169 855 2211; x_wconf 86' lang='lat' dir='ltr'>ego</span> <span class='ocrx_word' id='word_1_210' title='bbox 890 2158 1019 2210; x_wconf 88' lang='lat' dir='ltr'>caput</span> <span class='ocrx_word' id='word_1_211' title='bbox 1051 2158 1175 2195; x_wconf 88' lang='lat' dir='ltr'>tuum</span> <span class='ocrx_word' id='word_1_212' title='bbox 1206 2153 1346 2204; x_wconf 86' lang='lat' dir='ltr'>hodie,</span> <span class='ocrx_word' id='word_1_213' title='bbox 1383 2152 1468 2195; x_wconf 90' lang='lat' dir='ltr'>nisi</span> <span class='ocrx_word' id='word_1_214' title='bbox 1503 2152 1606 2195; x_wconf 88' lang='lat' dir='ltr'>abis.</span> <span class='ocrx_word' id='word_1_215' title='bbox 1672 2152 1752 2196; x_wconf 90' lang='lat' dir='ltr'>Gn.</span> <span class='ocrx_word' id='word_1_216' title='bbox 1789 2151 1882 2196; x_wconf 83' lang='lat' dir='ltr'>Ain</span> 
     </span>
     <span class='ocr_line' id='line_1_33' title="bbox 433 2220 1614 2271; baseline -0.001 -9"><span class='ocrx_word' id='word_1_217' title='bbox 433 2236 548 2271; x_wconf 82' lang='lat' dir='ltr'>vero,</span> <span class='ocrx_word' id='word_1_218' title='bbox 571 2220 689 2262; x_wconf 86' lang='lat' dir='ltr'>canis</span> <span class='ocrx_word' id='word_1_219' title='bbox 704 2220 724 2262; x_wconf 90' lang='grc' dir='ltr'><em>Ρ</em></span> <span class='ocrx_word' id='word_1_220' title='bbox 1610 2236 1614 2238; x_wconf 62' lang='grc'><strong><em>’</em></strong></span> 
     </span>
    </p>
   </div>
   <div class='ocr_carea' id='block_1_11' title="bbox 263 2335 1053 2464">
    <p class='ocr_par' dir='ltr' id='par_1_22' title="bbox 263 2335 1053 2464">
     <span class='ocr_line' id='line_1_34' title="bbox 309 2335 1052 2376; baseline -0.005 -7"><span class='ocrx_word' id='word_1_221' title='bbox 309 2338 361 2370; x_wconf 89' lang='grc'>19.</span> <span class='ocrx_word' id='word_1_222' title='bbox 390 2337 506 2369; x_wconf 80' lang='lat' dir='ltr'>Omnia</span> <span class='ocrx_word' id='word_1_223' title='bbox 528 2337 626 2376; x_wconf 72' lang='lat' dir='ltr'>prius</span> <span class='ocrx_word' id='word_1_224' title='bbox 650 2336 796 2376; x_wconf 64' lang='lat' dir='ltr'>emperiri</span> <span class='ocrx_word' id='word_1_225' title='bbox 821 2345 918 2376; x_wconf 82' lang='lat' dir='ltr'>quam</span> <span class='ocrx_word' id='word_1_226' title='bbox 949 2335 1052 2366; x_wconf 76' lang='lat' dir='ltr'>armie</span> 
     </span>
     <span class='ocr_line' id='line_1_35' title="bbox 263 2378 1053 2421; baseline -0.004 -9"><span class='ocrx_word' id='word_1_227' title='bbox 263 2382 440 2421; x_wconf 68' lang='lat' dir='ltr'>eapientem</span> <span class='ocrx_word' id='word_1_228' title='bbox 457 2380 564 2420; x_wconf 80' lang='lat' dir='ltr'>decet]</span> <span class='ocrx_word' id='word_1_229' title='bbox 612 2379 715 2410; x_wconf 78' lang='lat' dir='ltr'>This·</span> <span class='ocrx_word' id='word_1_230' title='bbox 707 2389 734 2409; x_wconf 79' lang='lat' dir='ltr'>is</span> <span class='ocrx_word' id='word_1_231' title='bbox 749 2379 805 2410; x_wconf 87' lang='lat' dir='ltr'>the</span> <span class='ocrx_word' id='word_1_232' title='bbox 820 2379 952 2419; x_wconf 79' lang='lat' dir='ltr'>reading</span> <span class='ocrx_word' id='word_1_233' title='bbox 963 2378 998 2409; x_wconf 86' lang='lat' dir='ltr'>of</span> <span class='ocrx_word' id='word_1_234' title='bbox 1010 2379 1053 2409; x_wconf 85' lang='lat' dir='ltr'>all</span> 
     </span>
     <span class='ocr_line' id='line_1_36' title="bbox 265 2421 1052 2464; baseline -0.004 -9"><span class='ocrx_word' id='word_1_235' title='bbox 265 2424 320 2455; x_wconf 87' lang='lat' dir='ltr'>the</span> <span class='ocrx_word' id='word_1_236' title='bbox 335 2424 558 2464; x_wconf 80' lang='lat' dir='ltr'>manuscripts,</span> <span class='ocrx_word' id='word_1_237' title='bbox 574 2426 688 2462; x_wconf 84' lang='lat' dir='ltr'>except</span> <span class='ocrx_word' id='word_1_238' title='bbox 703 2432 765 2453; x_wconf 87' lang='lat' dir='ltr'>one</span> <span class='ocrx_word' id='word_1_239' title='bbox 789 2421 913 2463; x_wconf 88' lang='lat' dir='ltr'>(Codex</span> <span class='ocrx_word' id='word_1_240' title='bbox 930 2422 1052 2452; x_wconf 82' lang='lat' dir='ltr'>Acade-</span> 
     </span>
    </p>
   </div>
   <div class='ocr_carea' id='block_1_12' title="bbox 210 2466 1052 2508">
    <p class='ocr_par' dir='ltr' id='par_1_23' title="bbox 210 2466 1052 2508">
     <span class='ocr_line' id='line_1_37' title="bbox 210 2466 1052 2508; baseline -0.004 -10"><span class='ocrx_word' id='word_1_241' title='bbox 210 2485 212 2487; x_wconf 62' lang='lat'>&gt;</span> <span class='ocrx_word' id='word_1_242' title='bbox 264 2467 380 2508; x_wconf 81' lang='lat' dir='ltr'>micus)</span> <span class='ocrx_word' id='word_1_243' title='bbox 409 2466 528 2508; x_wconf 84' lang='lat' dir='ltr'>quoted</span> <span class='ocrx_word' id='word_1_244' title='bbox 543 2466 587 2507; x_wconf 91' lang='lat' dir='ltr'>by</span> <span class='ocrx_word' id='word_1_245' title='bbox 603 2466 753 2506; x_wconf 80' lang='lat' dir='ltr'>Bentley,</span> <span class='ocrx_word' id='word_1_246' title='bbox 776 2466 877 2496; x_wconf 85' lang='lat' dir='ltr'>which</span> <span class='ocrx_word' id='word_1_247' title='bbox 901 2466 991 2496; x_wconf 84' lang='lat' dir='ltr'>has‘</span> <span class='ocrx_word' id='word_1_248' title='bbox 1002 2476 1052 2496; x_wconf 88' lang='lat' dir='ltr'>ar-</span> 
     </span>
    </p>
   </div>
   <div class='ocr_carea' id='block_1_13' title="bbox 264 2509 1058 3063">
    <p class='ocr_par' dir='ltr' id='par_1_24' title="bbox 264 2509 1058 3063">
     <span class='ocr_line' id='line_1_38' title="bbox 264 2509 1053 2551; baseline -0.003 -10"><span class='ocrx_word' id='word_1_249' title='bbox 264 2521 333 2542; x_wconf 82' lang='lat' dir='ltr'>mas</span> <span class='ocrx_word' id='word_1_250' title='bbox 349 2509 549 2551; x_wconf 79' lang='lat' dir='ltr'>sapientem,</span> <span class='ocrx_word' id='word_1_251' title='bbox 565 2510 646 2541; x_wconf 82' lang='lat' dir='ltr'>from</span> <span class='ocrx_word' id='word_1_252' title='bbox 670 2509 774 2540; x_wconf 87' lang='lat' dir='ltr'>which</span> <span class='ocrx_word' id='word_1_253' title='bbox 796 2509 837 2539; x_wconf 90' lang='lat' dir='ltr'>he</span> <span class='ocrx_word' id='word_1_254' title='bbox 859 2509 981 2539; x_wconf 86' lang='lat' dir='ltr'>derives</span> <span class='ocrx_word' id='word_1_255' title='bbox 1003 2509 1053 2539; x_wconf 86' lang='lat' dir='ltr'>his</span> 
     </span>
     <span class='ocr_line' id='line_1_39' title="bbox 264 2550 1054 2594; baseline -0.004 -9"><span class='ocrx_word' id='word_1_256' title='bbox 264 2554 421 2594; x_wconf 81' lang='lat' dir='ltr'>reading‘</span> <span class='ocrx_word' id='word_1_257' title='bbox 433 2563 522 2584; x_wconf 83' lang='lat' dir='ltr'>arma</span> <span class='ocrx_word' id='word_1_258' title='bbox 548 2551 749 2594; x_wconf 64' lang='lat' dir='ltr'>sapientem!</span> <span class='ocrx_word' id='word_1_259' title='bbox 797 2552 863 2583; x_wconf 90' lang='lat' dir='ltr'>But</span> <span class='ocrx_word' id='word_1_260' title='bbox 888 2550 944 2582; x_wconf 81' lang='lat' dir='ltr'>the</span> <span class='ocrx_word' id='word_1_261' title='bbox 969 2552 1054 2583; x_wconf 88' lang='lat' dir='ltr'>ordi-</span> 
     </span>
     <span class='ocr_line' id='line_1_40' title="bbox 265 2595 1053 2638; baseline -0.005 -9"><span class='ocrx_word' id='word_1_262' title='bbox 265 2608 345 2638; x_wconf 86' lang='lat' dir='ltr'>nary</span> <span class='ocrx_word' id='word_1_263' title='bbox 370 2600 440 2628; x_wconf 84' lang='lat' dir='ltr'>text</span> <span class='ocrx_word' id='word_1_264' title='bbox 466 2597 552 2637; x_wconf 81' lang='lat' dir='ltr'>gives</span> <span class='ocrx_word' id='word_1_265' title='bbox 578 2607 598 2628; x_wconf 83' lang='lat' dir='ltr'>a</span> <span class='ocrx_word' id='word_1_266' title='bbox 623 2595 706 2637; x_wconf 91' lang='lat' dir='ltr'>good</span> <span class='ocrx_word' id='word_1_267' title='bbox 733 2596 893 2635; x_wconf 81' lang='lat' dir='ltr'>meaning,</span> <span class='ocrx_word' id='word_1_268' title='bbox 912 2595 964 2626; x_wconf 88' lang='lat' dir='ltr'>‘A</span> <span class='ocrx_word' id='word_1_269' title='bbox 979 2595 1033 2626; x_wconf 83' lang='lat' dir='ltr'>wis</span> <span class='ocrx_word' id='word_1_270' title='bbox 1036 2605 1053 2625; x_wconf 92' lang='lat' dir='ltr'>e</span> 
     </span>
     <span class='ocr_line' id='line_1_41' title="bbox 265 2639 1052 2681; baseline -0.005 -9"><span class='ocrx_word' id='word_1_271' title='bbox 265 2651 343 2672; x_wconf 88' lang='lat' dir='ltr'>man</span> <span class='ocrx_word' id='word_1_272' title='bbox 369 2640 471 2681; x_wconf 83' lang='lat' dir='ltr'>ought</span> <span class='ocrx_word' id='word_1_273' title='bbox 485 2643 520 2671; x_wconf 88' lang='lat' dir='ltr'>to</span> <span class='ocrx_word' id='word_1_274' title='bbox 535 2643 586 2680; x_wconf 88' lang='lat' dir='ltr'>try</span> <span class='ocrx_word' id='word_1_275' title='bbox 612 2650 705 2680; x_wconf 84' lang='lat' dir='ltr'>every</span> <span class='ocrx_word' id='word_1_276' title='bbox 731 2639 919 2669; x_wconf 75' lang='lat' dir='ltr'>alternative</span> <span class='ocrx_word' id='word_1_277' title='bbox 943 2639 1052 2669; x_wconf 84' lang='lat' dir='ltr'>rather</span> 
     </span>
     <span class='ocr_line' id='line_1_42' title="bbox 265 2681 1052 2722; baseline -0.004 -7"><span class='ocrx_word' id='word_1_278' title='bbox 265 2685 346 2716; x_wconf 85' lang='lat' dir='ltr'>than</span> <span class='ocrx_word' id='word_1_279' title='bbox 361 2684 442 2715; x_wconf 86' lang='lat' dir='ltr'>have</span> <span class='ocrx_word' id='word_1_280' title='bbox 456 2693 603 2715; x_wconf 87' lang='lat' dir='ltr'>recourse</span> <span class='ocrx_word' id='word_1_281' title='bbox 617 2686 651 2713; x_wconf 92' lang='lat' dir='ltr'>to</span> <span class='ocrx_word' id='word_1_282' title='bbox 666 2681 774 2713; x_wconf 64' lang='lat' dir='ltr'>arms!</span> <span class='ocrx_word' id='word_1_283' title='bbox 821 2685 829 2700; x_wconf 89' lang='lat'>‘</span> <span class='ocrx_word' id='word_1_284' title='bbox 844 2682 989 2722; x_wconf 83' lang='lat' dir='ltr'>Experiri</span> <span class='ocrx_word' id='word_1_285' title='bbox 1000 2681 1008 2696; x_wconf 91' lang='lat'>’</span> <span class='ocrx_word' id='word_1_286' title='bbox 1025 2682 1052 2712; x_wconf 87' lang='lat' dir='ltr'>is</span> 
     </span>
     <span class='ocr_line' id='line_1_43' title="bbox 265 2725 1053 2763; baseline -0.005 -4"><span class='ocrx_word' id='word_1_287' title='bbox 265 2728 346 2759; x_wconf 85' lang='lat' dir='ltr'>used</span> <span class='ocrx_word' id='word_1_288' title='bbox 360 2727 440 2759; x_wconf 88' lang='lat' dir='ltr'>both</span> <span class='ocrx_word' id='word_1_289' title='bbox 455 2727 532 2758; x_wconf 84' lang='lat' dir='ltr'>with</span> <span class='ocrx_word' id='word_1_290' title='bbox 557 2727 614 2757; x_wconf 83' lang='lat' dir='ltr'>the</span> <span class='ocrx_word' id='word_1_291' title='bbox 628 2726 815 2763; x_wconf 71' lang='lat' dir='ltr'>accusative,</span> <span class='ocrx_word' id='word_1_292' title='bbox 832 2736 866 2756; x_wconf 83' lang='lat' dir='ltr'>as</span> <span class='ocrx_word' id='word_1_293' title='bbox 881 2726 914 2755; x_wconf 91' lang='lat' dir='ltr'>in</span> <span class='ocrx_word' id='word_1_294' title='bbox 931 2725 1053 2756; x_wconf 85' lang='lat' dir='ltr'>Andria</span> 
     </span>
     <span class='ocr_line' id='line_1_44' title="bbox 266 2769 1052 2810; baseline -0.005 -8"><span class='ocrx_word' id='word_1_295' title='bbox 266 2771 300 2802; x_wconf 89' lang='lat' dir='ltr'>ii.</span> <span class='ocrx_word' id='word_1_296' title='bbox 320 2772 349 2803; x_wconf 88' lang='grc'><strong>1.</strong></span> <span class='ocrx_word' id='word_1_297' title='bbox 368 2772 428 2802; x_wconf 82' lang='lat'>11:</span> <span class='ocrx_word' id='word_1_298' title='bbox 453 2770 607 2802; x_wconf 84' lang='lat' dir='ltr'>“Omnia</span> <span class='ocrx_word' id='word_1_299' title='bbox 618 2769 754 2810; x_wconf 86' lang='lat' dir='ltr'>experiri</span> <span class='ocrx_word' id='word_1_300' title='bbox 769 2772 891 2800; x_wconf 83' lang='lat' dir='ltr'>certum</span> <span class='ocrx_word' id='word_1_301' title='bbox 904 2772 952 2799; x_wconf 87' lang='lat' dir='ltr'>est</span> <span class='ocrx_word' id='word_1_302' title='bbox 964 2769 1052 2809; x_wconf 85' lang='lat' dir='ltr'>prius</span> 
     </span>
     <span class='ocr_line' id='line_1_45' title="bbox 267 2812 1052 2855; baseline -0.005 -9"><span class='ocrx_word' id='word_1_303' title='bbox 267 2825 364 2855; x_wconf 89' lang='lat' dir='ltr'>quam</span> <span class='ocrx_word' id='word_1_304' title='bbox 380 2824 496 2855; x_wconf 77' lang='lat' dir='ltr'>pereo3</span> <span class='ocrx_word' id='word_1_305' title='bbox 500 2813 521 2829; x_wconf 84' lang='lat'>&#39;&#39;</span> <span class='ocrx_word' id='word_1_306' title='bbox 545 2813 609 2845; x_wconf 86' lang='lat' dir='ltr'>and</span> <span class='ocrx_word' id='word_1_307' title='bbox 623 2813 700 2844; x_wconf 87' lang='lat' dir='ltr'>with</span> <span class='ocrx_word' id='word_1_308' title='bbox 718 2812 774 2843; x_wconf 84' lang='lat' dir='ltr'>the</span> <span class='ocrx_word' id='word_1_309' title='bbox 789 2812 936 2848; x_wconf 80' lang='lat' dir='ltr'>ablative,</span> <span class='ocrx_word' id='word_1_310' title='bbox 961 2822 996 2842; x_wconf 83' lang='lat' dir='ltr'>as</span> <span class='ocrx_word' id='word_1_311' title='bbox 1018 2812 1052 2842; x_wconf 91' lang='lat' dir='ltr'>in</span> 
     </span>
     <span class='ocr_line' id='line_1_46' title="bbox 267 2854 1051 2899; baseline -0.005 -10"><span class='ocrx_word' id='word_1_312' title='bbox 267 2858 324 2889; x_wconf 84' lang='lat' dir='ltr'>the</span> <span class='ocrx_word' id='word_1_313' title='bbox 351 2857 493 2899; x_wconf 72' lang='lat' dir='ltr'>phrase*</span> <span class='ocrx_word' id='word_1_314' title='bbox 503 2857 628 2898; x_wconf 86' lang='lat' dir='ltr'>legibus</span> <span class='ocrx_word' id='word_1_315' title='bbox 644 2854 802 2897; x_wconf 52' lang='lat' dir='ltr'>expeririss</span> <span class='ocrx_word' id='word_1_316' title='bbox 827 2858 883 2886; x_wconf 87' lang='lat' dir='ltr'>‘to</span> <span class='ocrx_word' id='word_1_317' title='bbox 898 2855 979 2886; x_wconf 87' lang='lat' dir='ltr'>have</span> <span class='ocrx_word' id='word_1_318' title='bbox 1001 2864 1051 2885; x_wconf 86' lang='lat' dir='ltr'>re-</span> 
     </span>
     <span class='ocr_line' id='line_1_47' title="bbox 268 2898 1056 2940; baseline -0.006 -7"><span class='ocrx_word' id='word_1_319' title='bbox 268 2911 381 2933; x_wconf 87' lang='lat' dir='ltr'>course</span> <span class='ocrx_word' id='word_1_320' title='bbox 391 2905 425 2933; x_wconf 88' lang='lat' dir='ltr'>to</span> <span class='ocrx_word' id='word_1_321' title='bbox 435 2900 518 2932; x_wconf 64' lang='lat' dir='ltr'>law!</span> <span class='ocrx_word' id='word_1_322' title='bbox 541 2901 701 2940; x_wconf 80' lang='lat' dir='ltr'>Compare</span> <span class='ocrx_word' id='word_1_323' title='bbox 713 2899 837 2936; x_wconf 85' lang='lat' dir='ltr'>Cicero,</span> <span class='ocrx_word' id='word_1_324' title='bbox 848 2899 910 2929; x_wconf 90' lang='lat' dir='ltr'>Pro</span> <span class='ocrx_word' id='word_1_325' title='bbox 922 2898 1056 2932; x_wconf 80' lang='lat' dir='ltr'>Quintio</span> 
     </span>
     <span class='ocr_line' id='line_1_48' title="bbox 272 2942 1058 2986; baseline -0.005 -10"><span class='ocrx_word' id='word_1_326' title='bbox 272 2946 334 2976; x_wconf 82' lang='lat' dir='ltr'>ll:</span> <span class='ocrx_word' id='word_1_327' title='bbox 358 2945 428 2976; x_wconf 87' lang='lat' dir='ltr'>“Si</span> <span class='ocrx_word' id='word_1_328' title='bbox 443 2944 548 2986; x_wconf 86' lang='lat' dir='ltr'>quid</span> <span class='ocrx_word' id='word_1_329' title='bbox 538 2954 572 2975; x_wconf 88' lang='grc' dir='ltr'>ιιι</span> <span class='ocrx_word' id='word_1_330' title='bbox 591 2943 837 2975; x_wconf 78' lang='lat' dir='ltr'>controversiam</span> <span class='ocrx_word' id='word_1_331' title='bbox 852 2942 985 2979; x_wconf 84' lang='lat' dir='ltr'>veniret,</span> <span class='ocrx_word' id='word_1_332' title='bbox 1001 2944 1058 2972; x_wconf 80' lang='lat' dir='ltr'>aut</span> 
     </span>
     <span class='ocr_line' id='line_1_49' title="bbox 268 2983 1051 3029; baseline -0.003 -11"><span class='ocrx_word' id='word_1_333' title='bbox 268 2988 353 3019; x_wconf 82' lang='lat' dir='ltr'>intra</span> <span class='ocrx_word' id='word_1_334' title='bbox 367 2988 505 3029; x_wconf 74' lang='lat' dir='ltr'>parietes</span> <span class='ocrx_word' id='word_1_335' title='bbox 519 2990 577 3019; x_wconf 85' lang='lat' dir='ltr'>aut</span> <span class='ocrx_word' id='word_1_336' title='bbox 591 2996 717 3018; x_wconf 76' lang='lat' dir='ltr'>summo</span> <span class='ocrx_word' id='word_1_337' title='bbox 730 2986 802 3026; x_wconf 85' lang='lat' dir='ltr'>jure</span> <span class='ocrx_word' id='word_1_338' title='bbox 817 2983 1051 3026; x_wconf 62' lang='lat' dir='ltr'>experireturl&#39;</span> 
     </span>
     <span class='ocr_line' id='line_1_50' title="bbox 270 3029 933 3063; baseline -0.005 0"><span class='ocrx_word' id='word_1_339' title='bbox 270 3031 345 3063; x_wconf 78' lang='lat' dir='ltr'>Itis</span> <span class='ocrx_word' id='word_1_340' title='bbox 359 3032 438 3063; x_wconf 89' lang='lat' dir='ltr'>used</span> <span class='ocrx_word' id='word_1_341' title='bbox 453 3031 553 3063; x_wconf 86' lang='lat' dir='ltr'>here&#39;</span> <span class='ocrx_word' id='word_1_342' title='bbox 544 3041 578 3062; x_wconf 89' lang='grc' dir='ltr'>ιιι</span> <span class='ocrx_word' id='word_1_343' title='bbox 592 3030 674 3062; x_wconf 82' lang='lat' dir='ltr'>both</span> <span class='ocrx_word' id='word_1_344' title='bbox 688 3029 933 3062; x_wconf 66' lang='lat' dir='ltr'>construetione.</span> 
     </span>
    </p>
   </div>
   <div class='ocr_carea' id='block_1_14' title="bbox 1097 2333 1882 2636">
    <p class='ocr_par' dir='ltr' id='par_1_25' title="bbox 1141 2333 1880 2376">
     <span class='ocr_line' id='line_1_51' title="bbox 1141 2333 1880 2376; baseline -0.003 -9"><span class='ocrx_word' id='word_1_345' title='bbox 1141 2335 1194 2372; x_wconf 87' lang='grc'><strong>27.</strong></span> <span class='ocrx_word' id='word_1_346' title='bbox 1223 2335 1389 2376; x_wconf 85' lang='lat' dir='ltr'>Omnium]</span> <span class='ocrx_word' id='word_1_347' title='bbox 1440 2335 1500 2366; x_wconf 91' lang='lat' dir='ltr'>See</span> <span class='ocrx_word' id='word_1_348' title='bbox 1525 2336 1603 2366; x_wconf 90' lang='lat' dir='ltr'>note</span> <span class='ocrx_word' id='word_1_349' title='bbox 1628 2344 1671 2365; x_wconf 87' lang='lat' dir='ltr'>on</span> <span class='ocrx_word' id='word_1_350' title='bbox 1701 2333 1824 2366; x_wconf 78' lang='lat' dir='ltr'>Andria</span> <span class='ocrx_word' id='word_1_351' title='bbox 1849 2344 1880 2366; x_wconf 84' lang='lat' dir='ltr'>v.</span> 
     </span>
    </p>

    <p class='ocr_par' dir='ltr' id='par_1_26' title="bbox 1097 2402 1882 2497">
     <span class='ocr_line' id='line_1_52' title="bbox 1122 2402 1882 2462; baseline 0 -9"><span class='ocrx_word' id='word_1_352' title='bbox 1122 2402 1196 2453; x_wconf 82' lang='lat'>28.</span> <span class='ocrx_word' id='word_1_353' title='bbox 1225 2422 1327 2453; x_wconf 80' lang='lat' dir='ltr'>Tuam</span> <span class='ocrx_word' id='word_1_354' title='bbox 1343 2424 1452 2453; x_wconf 82' lang='lat' dir='ltr'>autem</span> <span class='ocrx_word' id='word_1_355' title='bbox 1457 2421 1626 2462; x_wconf 55' lang='lat' dir='ltr'>furcifer]</span> <span class='ocrx_word' id='word_1_356' title='bbox 1676 2421 1736 2453; x_wconf 86' lang='lat' dir='ltr'>See</span> <span class='ocrx_word' id='word_1_357' title='bbox 1752 2424 1828 2453; x_wconf 87' lang='lat' dir='ltr'>note</span> <span class='ocrx_word' id='word_1_358' title='bbox 1838 2431 1882 2452; x_wconf 89' lang='lat' dir='ltr'>on</span> 
     </span>
     <span class='ocr_line' id='line_1_53' title="bbox 1097 2465 1395 2497; baseline 0.007 -2"><span class='ocrx_word' id='word_1_359' title='bbox 1097 2465 1241 2496; x_wconf 85' lang='lat' dir='ltr'>Andria</span> <span class='ocrx_word' id='word_1_360' title='bbox 1233 2465 1325 2496; x_wconf 82' lang='lat' dir='ltr'>iii.5.</span> <span class='ocrx_word' id='word_1_361' title='bbox 1345 2466 1395 2497; x_wconf 82' lang='lat'>12.</span> 
     </span>
    </p>

    <p class='ocr_par' dir='ltr' id='par_1_27' title="bbox 1097 2507 1882 2636">
     <span class='ocr_line' id='line_1_54' title="bbox 1141 2507 1880 2550; baseline -0.003 -9"><span class='ocrx_word' id='word_1_362' title='bbox 1141 2510 1194 2541; x_wconf 87' lang='lat'>31.</span> <span class='ocrx_word' id='word_1_363' title='bbox 1219 2509 1353 2540; x_wconf 79' lang='lat' dir='ltr'>Faciam</span> <span class='ocrx_word' id='word_1_364' title='bbox 1364 2512 1400 2540; x_wconf 85' lang='lat' dir='ltr'>ut</span> <span class='ocrx_word' id='word_1_365' title='bbox 1413 2509 1510 2548; x_wconf 74' lang='lat' dir='ltr'>hujus</span> <span class='ocrx_word' id='word_1_366' title='bbox 1521 2509 1584 2539; x_wconf 82' lang='lat' dir='ltr'>loci</span> <span class='ocrx_word' id='word_1_367' title='bbox 1601 2531 1609 2539; x_wconf 92' lang='lat'><strong>.</strong></span> <span class='ocrx_word' id='word_1_368' title='bbox 1627 2531 1636 2539; x_wconf 93' lang='lat'><strong>.</strong></span> <span class='ocrx_word' id='word_1_369' title='bbox 1653 2507 1880 2550; x_wconf 51' lang='grc' dir='ltr'><strong>Λακωνικὴ]</strong></span> 
     </span>
     <span class='ocr_line' id='line_1_55' title="bbox 1097 2551 1882 2583; baseline 0 -1"><span class='ocrx_word' id='word_1_370' title='bbox 1097 2551 1176 2583; x_wconf 86' lang='lat' dir='ltr'>This</span> <span class='ocrx_word' id='word_1_371' title='bbox 1192 2562 1295 2582; x_wconf 84' lang='lat' dir='ltr'>seems</span> <span class='ocrx_word' id='word_1_372' title='bbox 1311 2555 1346 2583; x_wconf 89' lang='lat' dir='ltr'>to</span> <span class='ocrx_word' id='word_1_373' title='bbox 1360 2552 1441 2583; x_wconf 83' lang='lat' dir='ltr'>have</span> <span class='ocrx_word' id='word_1_374' title='bbox 1451 2551 1532 2582; x_wconf 88' lang='lat' dir='ltr'>been</span> <span class='ocrx_word' id='word_1_375' title='bbox 1544 2562 1563 2582; x_wconf 83' lang='lat' dir='ltr'>a</span> <span class='ocrx_word' id='word_1_376' title='bbox 1572 2561 1721 2582; x_wconf 83' lang='lat' dir='ltr'>common</span> <span class='ocrx_word' id='word_1_377' title='bbox 1733 2551 1882 2582; x_wconf 82' lang='lat' dir='ltr'>formula.</span> 
     </span>
     <span class='ocr_line' id='line_1_56' title="bbox 1099 2595 1745 2636; baseline -0.002 -9"><span class='ocrx_word' id='word_1_378' title='bbox 1099 2596 1257 2636; x_wconf 84' lang='lat' dir='ltr'>Compare</span> <span class='ocrx_word' id='word_1_379' title='bbox 1274 2596 1417 2633; x_wconf 85' lang='lat' dir='ltr'>Plautus,</span> <span class='ocrx_word' id='word_1_380' title='bbox 1434 2595 1561 2636; x_wconf 83' lang='lat' dir='ltr'>Captivi</span> <span class='ocrx_word' id='word_1_381' title='bbox 1575 2595 1617 2626; x_wconf 83' lang='lat' dir='ltr'>iv.</span> <span class='ocrx_word' id='word_1_382' title='bbox 1634 2597 1665 2626; x_wconf 85' lang='lat'>2.</span> <span class='ocrx_word' id='word_1_383' title='bbox 1681 2596 1721 2626; x_wconf 85' lang='lat'>21</span> <span class='ocrx_word' id='word_1_384' title='bbox 1737 2605 1745 2625; x_wconf 80' lang='lat' dir='ltr'><strong><em>z</em></strong></span> 
     </span>
    </p>
   </div>
   <div class='ocr_carea' id='block_1_15' title="bbox 1108 2654 1883 2776">
    <p class='ocr_par' dir='ltr' id='par_1_28' title="bbox 1108 2654 1883 2776">
     <span class='ocr_line' id='line_1_57' title="bbox 1108 2654 1883 2696; baseline -0.001 -10"><span class='ocrx_word' id='word_1_385' title='bbox 1108 2659 1127 2675; x_wconf 78' lang='lat'>‘⁴</span> <span class='ocrx_word' id='word_1_386' title='bbox 1143 2656 1269 2686; x_wconf 83' lang='lat' dir='ltr'>Faciam</span> <span class='ocrx_word' id='word_1_387' title='bbox 1285 2659 1324 2686; x_wconf 92' lang='lat' dir='ltr'>ut</span> <span class='ocrx_word' id='word_1_388' title='bbox 1339 2656 1408 2696; x_wconf 88' lang='lat' dir='ltr'>ejus</span> <span class='ocrx_word' id='word_1_389' title='bbox 1424 2655 1487 2686; x_wconf 90' lang='lat' dir='ltr'>diei</span> <span class='ocrx_word' id='word_1_390' title='bbox 1501 2655 1626 2696; x_wconf 86' lang='lat' dir='ltr'>locique</span> <span class='ocrx_word' id='word_1_391' title='bbox 1647 2654 1777 2696; x_wconf 87' lang='lat' dir='ltr'>meique</span> <span class='ocrx_word' id='word_1_392' title='bbox 1798 2663 1883 2686; x_wconf 77' lang='lat' dir='ltr'>sem-</span> 
     </span>
     <span class='ocr_line' id='line_1_58' title="bbox 1183 2699 1439 2739; baseline 0 -10"><span class='ocrx_word' id='word_1_393' title='bbox 1183 2709 1241 2739; x_wconf 86' lang='lat' dir='ltr'>per</span> <span class='ocrx_word' id='word_1_394' title='bbox 1256 2699 1439 2730; x_wconf 87' lang='lat' dir='ltr'>meminerit</span> 
     </span>
     <span class='ocr_line' id='line_1_59' title="bbox 1141 2740 1672 2776; baseline 0.002 -4"><span class='ocrx_word' id='word_1_395' title='bbox 1141 2742 1205 2776; x_wconf 79' lang='lat' dir='ltr'>Qui</span> <span class='ocrx_word' id='word_1_396' title='bbox 1222 2742 1324 2772; x_wconf 91' lang='lat' dir='ltr'>mihi</span> <span class='ocrx_word' id='word_1_397' title='bbox 1315 2753 1349 2773; x_wconf 92' lang='grc' dir='ltr'>ιιι</span> <span class='ocrx_word' id='word_1_398' title='bbox 1365 2753 1460 2773; x_wconf 83' lang='lat' dir='ltr'>cursu</span> <span class='ocrx_word' id='word_1_399' title='bbox 1475 2740 1672 2773; x_wconf 48' lang='lat' dir='ltr'>obstiterit?</span> 
     </span>
    </p>
   </div>
   <div class='ocr_carea' id='block_1_16' title="bbox 1096 2808 1885 3066">
    <p class='ocr_par' dir='ltr' id='par_1_29' title="bbox 1096 2808 1885 2938">
     <span class='ocr_line' id='line_1_60' title="bbox 1140 2808 1885 2851; baseline -0.001 -11"><span class='ocrx_word' id='word_1_400' title='bbox 1140 2811 1193 2841; x_wconf 86' lang='lat'>33.</span> <span class='ocrx_word' id='word_1_401' title='bbox 1218 2811 1411 2841; x_wconf 81' lang='lat' dir='ltr'>Diminuam</span> <span class='ocrx_word' id='word_1_402' title='bbox 1427 2820 1483 2850; x_wconf 72' lang='lat' dir='ltr'>eqo</span> <span class='ocrx_word' id='word_1_403' title='bbox 1500 2814 1598 2851; x_wconf 76' lang='lat' dir='ltr'>caput</span> <span class='ocrx_word' id='word_1_404' title='bbox 1612 2809 1720 2850; x_wconf 80' lang='lat' dir='ltr'><em>tuum]</em></span> <span class='ocrx_word' id='word_1_405' title='bbox 1770 2808 1808 2840; x_wconf 91' lang='lat' dir='ltr'>‘I</span> <span class='ocrx_word' id='word_1_406' title='bbox 1819 2808 1885 2839; x_wconf 79' lang='lat' dir='ltr'>will</span> 
     </span>
     <span class='ocr_line' id='line_1_61' title="bbox 1096 2850 1884 2894; baseline -0.001 -11"><span class='ocrx_word' id='word_1_407' title='bbox 1096 2853 1195 2883; x_wconf 86' lang='lat' dir='ltr'>break</span> <span class='ocrx_word' id='word_1_408' title='bbox 1210 2863 1290 2893; x_wconf 88' lang='lat' dir='ltr'>your</span> <span class='ocrx_word' id='word_1_409' title='bbox 1305 2853 1384 2884; x_wconf 88' lang='lat' dir='ltr'>head</span> <span class='ocrx_word' id='word_1_410' title='bbox 1402 2854 1430 2884; x_wconf 82' lang='lat' dir='ltr'>if</span> <span class='ocrx_word' id='word_1_411' title='bbox 1442 2864 1505 2894; x_wconf 88' lang='lat' dir='ltr'>you</span> <span class='ocrx_word' id='word_1_412' title='bbox 1514 2854 1556 2884; x_wconf 91' lang='lat' dir='ltr'>do</span> <span class='ocrx_word' id='word_1_413' title='bbox 1571 2856 1629 2884; x_wconf 90' lang='lat' dir='ltr'>not</span> <span class='ocrx_word' id='word_1_414' title='bbox 1639 2856 1694 2893; x_wconf 87' lang='lat' dir='ltr'>get</span> <span class='ocrx_word' id='word_1_415' title='bbox 1703 2862 1767 2893; x_wconf 87' lang='lat' dir='ltr'>you</span> <span class='ocrx_word' id='word_1_416' title='bbox 1778 2850 1884 2892; x_wconf 62' lang='lat' dir='ltr'>gone!</span> 
     </span>
     <span class='ocr_line' id='line_1_62' title="bbox 1101 2895 1884 2938; baseline 0.001 -12"><span class='ocrx_word' id='word_1_417' title='bbox 1101 2895 1165 2926; x_wconf 87' lang='lat' dir='ltr'>For</span> <span class='ocrx_word' id='word_1_418' title='bbox 1178 2896 1234 2927; x_wconf 88' lang='lat' dir='ltr'>the</span> <span class='ocrx_word' id='word_1_419' title='bbox 1250 2896 1365 2936; x_wconf 85' lang='lat' dir='ltr'>phrase</span> <span class='ocrx_word' id='word_1_420' title='bbox 1388 2907 1538 2937; x_wconf 86' lang='lat' dir='ltr'>compare</span> <span class='ocrx_word' id='word_1_421' title='bbox 1559 2896 1723 2938; x_wconf 88' lang='lat' dir='ltr'>Adelphi</span> <span class='ocrx_word' id='word_1_422' title='bbox 1714 2906 1756 2927; x_wconf 75' lang='lat' dir='ltr'>iv.</span> <span class='ocrx_word' id='word_1_423' title='bbox 1773 2898 1804 2927; x_wconf 80' lang='lat'>2.</span> <span class='ocrx_word' id='word_1_424' title='bbox 1820 2896 1884 2927; x_wconf 92' lang='grc'>32·</span> 
     </span>
    </p>

    <p class='ocr_par' dir='ltr' id='par_1_30' title="bbox 1096 2936 1885 3066">
     <span class='ocr_line' id='line_1_63' title="bbox 1102 2936 1885 3000; baseline -0.001 -30.954"><span class='ocrx_word' id='word_1_425' title='bbox 1102 2939 1341 2970; x_wconf 84' lang='lat' dir='ltr'>“Diminuetur</span> <span class='ocrx_word' id='word_1_426' title='bbox 1351 2940 1415 3000; x_wconf 69' lang='lat' dir='ltr'>⁴tibi</span> <span class='ocrx_word' id='word_1_427' title='bbox 1436 2940 1565 2981; x_wconf 87' lang='lat' dir='ltr'>quidem</span> <span class='ocrx_word' id='word_1_428' title='bbox 1587 2941 1654 2981; x_wconf 81' lang='lat' dir='ltr'>jam</span> <span class='ocrx_word' id='word_1_429' title='bbox 1681 2936 1885 2975; x_wconf 49' lang='lat' dir='ltr'>cerebruinss&#39;</span> 
     </span>
     <span class='ocr_line' id='line_1_64' title="bbox 1096 2981 1884 3023; baseline -0.001 -10"><span class='ocrx_word' id='word_1_430' title='bbox 1096 2982 1161 3013; x_wconf 89' lang='lat' dir='ltr'>aud</span> <span class='ocrx_word' id='word_1_431' title='bbox 1177 2993 1206 3013; x_wconf 88' lang='lat' dir='ltr'>v.</span> <span class='ocrx_word' id='word_1_432' title='bbox 1223 2984 1255 3013; x_wconf 92' lang='grc'><strong>2.</strong></span> <span class='ocrx_word' id='word_1_433' title='bbox 1273 2983 1314 3019; x_wconf 92' lang='grc'>7·</span> <span class='ocrx_word' id='word_1_434' title='bbox 1340 2983 1428 3014; x_wconf 75' lang='lat' dir='ltr'>“An</span> <span class='ocrx_word' id='word_1_435' title='bbox 1443 2983 1502 3014; x_wconf 88' lang='lat' dir='ltr'>tibi</span> <span class='ocrx_word' id='word_1_436' title='bbox 1519 2985 1587 3023; x_wconf 88' lang='lat' dir='ltr'>jam</span> <span class='ocrx_word' id='word_1_437' title='bbox 1603 2983 1703 3014; x_wconf 84' lang='lat' dir='ltr'>mavis</span> <span class='ocrx_word' id='word_1_438' title='bbox 1718 2981 1884 3020; x_wconf 77' lang='lat' dir='ltr'>cerebrum</span> 
     </span>
     <span class='ocr_line' id='line_1_65' title="bbox 1097 3024 1885 3066; baseline -0.001 -10"><span class='ocrx_word' id='word_1_439' title='bbox 1097 3026 1279 3066; x_wconf 83' lang='lat' dir='ltr'>dispergam</span> <span class='ocrx_word' id='word_1_440' title='bbox 1294 3025 1398 3057; x_wconf 85' lang='lat' dir='ltr'>hic?”</span> <span class='ocrx_word' id='word_1_441' title='bbox 1445 3026 1676 3058; x_wconf 86' lang='lat' dir='ltr'>‘Comminuo&#39;</span> <span class='ocrx_word' id='word_1_442' title='bbox 1699 3026 1728 3058; x_wconf 78' lang='lat' dir='ltr'>is</span> <span class='ocrx_word' id='word_1_443' title='bbox 1748 3025 1827 3057; x_wconf 75' lang='lat' dir='ltr'>used</span> <span class='ocrx_word' id='word_1_444' title='bbox 1849 3024 1885 3056; x_wconf 88' lang='lat' dir='ltr'>in</span> 
     </span>
    </p>
   </div>
   <div class='ocr_carea' id='block_1_17' title="bbox 1943 1547 2020 3412">
    <p class='ocr_par' dir='ltr' id='par_1_31' title="bbox 1943 1547 2020 3412">
     <span class='ocr_line' id='line_1_66' title="bbox 1943 1547 2020 3412; baseline 0 0"><span class='ocrx_word' id='word_1_445' title='bbox 1943 1547 2020 3412; x_wconf 95' lang='lat' dir='ltr'> </span> 
     </span>
    </p>
   </div>
  </div>
 </body>
</html>
