2020 3412
293 245 375 286 632

289 358 355 397 puit
369 358 438 389 dere
459 363 528 389 ento
548 361 655 390 tacitus
673 370 737 390 sese
757 361 793 390 ad

289 397 397 468 111ίῖ1117.
453 409 496 428 ec.
512 399 552 429 iv.
571 399 597 437 l,
613 399 640 429 3.
667 399 791 430 Phorm.

289 445 319 465 11.
400 459 407 466 .

327 459 440 525 ιαἐάεί]
465 475 507 505 Et
519 477 637 506 taedet:
651 482 682 507 et
693 488 793 507 amore

289 514 387 543 ardeo.
412 514 490 544 hun.
508 516 527 545 i.
552 515 640 552 1,27.
685 517 793 546 Taedet

289 553 531 590 quotidianarum
555 555 662 584 harum
683 557 792 584 fornia-

289 600 368 621 rum.
391 592 471 622 Eun.
487 593 519 622 ii.
537 593 564 628 3,
580 594 606 623 6.
651 594 747 623 Video
761 600 792 623 ct

288 639 337 659 me
364 631 467 660 taedet.
502 631 582 662 Eun.
612 633 655 662 iii.
684 632 713 668 2,
743 632 788 662 ll.

289 667 388 698 Credo
407 670 472 708 jam
487 671 624 699 omniunt
648 671 789 700 taedebat.

289 707 418 746 Adelph.
436 709 454 737 i.
471 709 499 745 2,
516 709 561 739 71.
608 709 789 748 Taedetjam

287 746 509 814 {tudi2re2eadem
525 747 645 777 millies.
665 748 789 778 Phorm.

286 793 330 814 111.
367 808 375 818 .
411 808 416 814 .

325 823 478 863 talentum]
514 824 588 861 Dos,
622 824 790 864 Pamphile,

287 866 333 890 est
353 863 457 892 decem
476 863 595 893 talenta.
620 864 700 893 And.
717 875 744 894 v.
760 866 789 901 4,

286 900 333 929 48.
377 902 470 937 Quasi
486 901 598 931 talenta
611 903 648 932 ad
664 904 790 942 quinde-

286 939 347 968 cim
368 941 458 979 coegi.
502 941 614 970 Heaut.
639 942 658 971 i.
687 941 712 978 l,
741 941 787 972 93.

287 977 358 1007 Tibi
391 980 514 1018 perdere
549 979 694 1009 talentum
732 980 790 1010 hoc

284 1022 370 1055 pacto
404 1019 497 1048 satius
531 1024 576 1048 est
609 1029 700 1057 quam
735 1019 790 1049 illo

285 1056 410 1086 minam.
451 1057 563 1087 Heaut.
599 1058 642 1088 iii.
679 1057 706 1094 l,
741 1058 787 1088 66.

286 1093 382 1124 Porro
406 1095 479 1125 haec
501 1095 613 1125 talenta
640 1097 717 1142 dotis
739 1107 789 1135 ap-

284 1134 488 1202 ffiihetlatlelnltg·
501 1135 725 1212 plffoexiietnhlstr}
735 1135 788 1213 elgoo

284 1220 348 1239 esse
373 1212 489 1240 decrevi
512 1212 591 1241 satis.
626 1212 737 1242 Heaut.
760 1223 786 1243 v.

286 1247 313 1285 l,
330 1248 379 1280 67.
420 1250 452 1279 Si
473 1250 615 1280 talentum
634 1261 699 1280 rem
718 1251 787 1280 reli-

284 1288 398 1325 quisset
412 1289 532 1333 ⁵decem.
563 1289 686 1318 Phorm.
710 1291 740 1318 ii.
759 1289 787 1326 3,

283 1326 788 1404 fffflu÷:¹dussl¹o‡3etivfag2nlgg

284 1403 334 1432 Ex
355 1404 392 1433 iis
406 1405 535 1442 praediis
549 1405 660 1434 talenta
674 1407 787 1443 argenti

284 1442 356 1510 bin3a
371 1444 475 1510 Statim
494 1444 636 1481 capiebat.
661 1443 785 1474 Phorm.

282 1490 310 1510 v.
348 1504 355 1517 ,
392 1505 397 1510 .

322 1519 405 1558 talis]
426 1520 487 1556 Qui
506 1525 631 1559 gnatum
646 1520 787 1551 haberem

281 1557 339 1603 tali
358 1559 478 1597 ingenio
498 1560 674 1596 praeditum.
706 1560 788 1590 And.

282 1596 439 1674 1111911187οῗ
453 1597 787 1681 ίαῖτῖῃὲῖἒιιωΙζδῗὲῗ

281 1674 448 1752 ζἠἒὲῑρὲἓ
463 1675 547 1744 11111118
554 1675 670 1744 E¹1ii1u¹i¹
693 1677 787 1750 {31ng

285 1751 388 1781 Talem
411 1753 468 1782 nisi
497 1757 530 1782 tu
557 1753 644 1782 nulla.
671 1759 788 1792 pareret

281 1789 392 1820 filium.
418 1791 528 1828 Heaut.
545 1802 572 1821 v.
589 1791 618 1826 3,
633 1791 680 1822 20.
726 1793 784 1822 Τα-

281 1828 348 1865 lem,
363 1829 420 1859 tali
440 1840 547 1868 genere
567 1835 658 1868 atque
673 1831 784 1861 animo.

282 1867 414 1906 Adelph.
431 1869 475 1898 iii.
495 1868 520 1903 l,
539 1868 583 1898 10.
619 1869 708 1899 Hanc
722 1880 786 1899 ma-

281 1911 360 1935 trem
383 1907 495 1937 habens
517 1907 614 1936 talem.
643 1908 720 1938 Hec.
745 1909 784 1938 iv.

280 1944 309 1980 2,
325 1945 373 1975 26.
405 1946 447 1975 Ut
461 1951 491 1975 te
505 1946 562 1975 tati
575 1956 662 1976 causa
676 1951 786 1985 nuptae

280 1983 403 2013 mulieri
419 1995 449 2014 se
464 1985 643 2014 ostenderet.
667 1985 743 2015 Hec.
756 1996 783 2015 v.

282 2021 309 2058 l,
326 2022 371 2052 31.
415 2023 499 2052 Faxo
513 2023 570 2052 tali
589 2034 659 2053 eum
675 2030 786 2054 macta-

281 2067 346 2128 {313¹}
363 2066 453 2100 atque
469 2062 588 2129 guiza-qest
609 2062 783 2092 infortunio.

332 2109 406 2129 orm.
423 2110 452 2130 v.
490 2124 496 2135 ,
553 2124 560 2131 .

320 2139 396 2176 tam]
418 2139 544 2168 Passim.

319 2177 430 2214 tamen]
471 2177 598 2207 Passim.

282 2226 285 2228 “
319 2214 450 2254 tametsi]
484 2215 647 2251 obtundis,
671 2218 787 2246 tametsi

279 2252 440 2291 intelligo?
459 2254 539 2282 And.
556 2254 587 2282 ii.
604 2253 632 2288 2,
650 2253 694 2282 ll.
718 2255 785 2283 Me—

279 2291 368 2327 mini,
390 2292 508 2321 tametsi
528 2291 632 2320 nullus
651 2302 782 2322 moneas.

281 2329 361 2359 Eun.
387 2330 419 2359 ii.
443 2329 470 2366 1,
497 2329 541 2359 10.
593 2330 707 2359 Metuit
733 2331 784 2360 hic

279 2377 344 2404 nos,
356 2369 473 2398 tametsi
486 2368 535 2398 sed
541 2367 591 2397 ulo
603 2369 782 2399 dissimulat.

234 2412 244 2422 ·’
280 2406 405 2436 Phorm.
421 2407 454 2436 ii.
470 2406 498 2439 3,
514 2406 560 2436 81.

318 2445 451 2484 tandem]
481 2445 542 2474 Vix
566 2445 685 2474 tandem
706 2447 782 2475 sensi

280 2483 418 2514 stolidus.
442 2484 522 2513 And.
533 2484 577 2513 iii.
590 2483 617 2519 1,
629 2483 673 2513 12.
704 2483 783 2513 Tan-

279 2523 348 2551 dem
369 2533 430 2552 non
451 2533 468 2552 e
489 2533 505 2551 o
530 2522 583 2552 illa
606 2532 732 2558 caream,
757 2523 782 2552 si

279 2562 318 2628 {t
338 2571 494 2631 opininlvp7
505 2566 605 2636 11311111
624 2561 759 2628 tripuudm
770 2563 784 2590 Ρ

309 2609 403 2629 1111.11.
438 2623 445 2635 ,
496 2623 502 2629 .
556 2609 655 2636 uaeso,
677 2610 716 2628 an
738 2609 783 2629 em

278 2638 505 2677 aliquantulum
570 2639 624 2667 tibi

279 2677 393 2707 Heaut.
408 2677 431 2707 i.
453 2676 480 2714 l,
497 2676 562 2712 111.
605 2676 643 2706 In
664 2687 723 2715 qua
742 2677 782 2706 ci-

277 2716 372 2744 vitate
391 2716 510 2744 tandem
531 2720 560 2745 te
581 2716 724 2745 arbitrare
739 2716 784 2744 vi—

277 2755 373 2783 vere?
394 2753 473 2783 Adel
498 2754 527 2783 h.
543 2754 583 2783 iv.
595 2754 624 2790 5,
639 2753 685 2783 51.
714 2753 784 2783 Ali-

277 2793 398 2830 quando
415 2796 467 2821 tan
490 2802 535 2821 em
560 2792 620 2821 huc
644 2793 782 2821 animum

276 2835 312 2860 nt
325 2831 471 2869 ad’ungas
485 2835 585 2860 tuum.
609 2831 684 2860 Hec.
697 2832 737 2860 iv.
754 2832 782 2867 4,

276 2868 324 2898 61.
378 2870 428 2899 nd.
442 2870 485 2899 iii.
500 2869 529 2904 2,
546 2868 590 2898 l2.
613 2869 736 2899 Plnorm.
751 2870 780 2899 ii.

278 2906 305 2942 1,
323 2906 349 2943 1,
364 2908 391 2937 4.
415 2907 503 2937 Itane
516 2908 637 2937 tandem
650 2909 784 2946 quaeso?

277 2944 401 3012 {herm
430 2946 461 2976 ii.
490 2945 520 2981 3.
550 2945 599 2985 66,
632 2951 664 2976 et
697 2956 782 2985 saepe

275 2992 315 3011 ai
338 2993 354 3012 1.

686 2648 781 2676 parve.

999 248 1197 292 INDEX

883 361 985 401 tanyo]
1006 362 1074 399 Quo
1089 367 1176 402 pacto
1192 362 1348 392 Rhodium

844 401 987 437 taliaerim
1002 401 1033 430 in
1044 402 1194 431 convivio.
1211 401 1291 431 Eun.
1305 402 1346 431 iii.

847 438 873 475 l,
888 432 934 469 30.
978 440 1008 470 Si
1025 451 1084 469 non
1106 441 1247 479 tanyet1di
1265 441 1349 479 copia

844 483 899 515 est,
927 478 984 508 eho
1012 489 1050 508 ne
1072 479 1194 508 videndi
1224 480 1347 517 quidem

844 518 924 546 erit?
951 517 1029 547 Eun.
1054 519 1092 547 iv,
1115 518 1143 554 2,
1170 516 1213 547 10.
1258 518 1347 547 Ami-

844 566 909 585 cam
924 557 1061 593 adduxti,
1076 567 1167 596 quam
1183 566 1242 585 non
1258 556 1349 586 liceat

844 598 971 633 tanyere.
1016 595 1128 625 Heaut.
1162 597 1200 625 iv.
1236 595 1264 632 5,
1302 595 1345 626 15.

846 632 1004 671 Virginem
1037 635 1158 670 vitiasti,
1192 644 1283 673 quam
1318 640 1347 663 te

844 681 883 738 {2⁰
886 673 982 739 ”5³³3
987 673 1231 748 ‘⁰3'E'13.1²‘1¹1⁷.²?KKZ'
1238 673 1346 741 υἷῖἱῖῗιξ

843 749 912 784 fuit,
927 759 1018 787 quam
1036 750 1090 779 hoc
1104 750 1191 779 ulcus
1204 751 1347 789 tanyere?

845 787 968 817 Phorm.
983 788 1023 818 iv.
1040 789 1069 826 4,
1083 789 1111 818 9.

881 828 1039 865 tanquam]
1090 827 1242 866 Inspicere
1281 830 1347 857 tan-

842 874 931 903 quam
964 867 996 894 in
1025 865 1180 904 specuium
1210 867 1240 895 iu
1269 867 1347 896 vitas

843 904 982 933 omnium
1008 905 1111 943 jubeo.
1145 904 1277 942 Adelph.
1301 906 1344 935 iii.

842 942 870 978 3,
886 942 933 978 61,
949 942 995 973 74,
1019 943 1098 973 Eun.
1114 944 1146 973 ii.
1162 942 1191 980 2,
1206 943 1252 974 32.

881 982 958 1010 tanti
997 982 1059 1012 Ubi
1081 983 1255 1012 τηε-(11111310
1275 983 1346 1012 dare

841 1021 925 1050 tanti.
982 1020 1082 1059 delph.
1097 1021 1129 1050 ii.
1147 1020 1174 1055 l,
1189 1021 1236 1051 49.

880 1060 1022 1088 tantidem
1088 1059 1244 1089 Tantidem
1282 1070 1346 1090 em-

842 1102 904 1126 tam
949 1104 1036 1136 postu
1050 1103 1081 1128 at
1125 1099 1183 1128 sibi
1225 1099 1343 1128 tradier.

843 1135 973 1175 Adelph.
991 1138 1023 1167 ii.
1041 1136 1066 1173 1,
1081 1137 1128 1167 46.

879 1175 1030 1213 tantillus]
1059 1176 1158 1211 Quem
1179 1186 1233 1214 ego
1254 1176 1344 1205 modo

841 1223 966 1251 puerum
982 1214 1131 1243 tantillam
1152 1215 1183 1243 in
1204 1215 1344 1244 manibus

839 1252 952 1319 {istavi
975 1254 1059 1282 meis.
1093 1252 1224 1292 Adelph.
1249 1254 1289 1283 iv·
1314 1253 1342 1289 2,

879 1329 1033 1368 tantisper]
1079 1330 1142 1369 Ego
1175 1335 1205 1359 te
1239 1340 1343 1360 meum

840 1377 903 1396 esse
925 1368 984 1397 dici
1007 1369 1150 1407 tantisper
1167 1368 1247 1401 volo.
1269 1370 1343 1398 dum

841 1406 921 1472 (huod
956 1411 986 1436 te
1013 1408 1140 1445 dignum
1167 1412 1212 1437 est
1242 1408 1340 1438 facies.

875 1446 970 1474 eci-evi
998 1447 1142 1484 tantisper
1168 1456 1219 1475 me
1241 1447 1343 1476 minus

840 1483 982 1521 injuriae,
1003 1484 1144 1518 Chreme,
1166 1495 1234 1513 meo
1254 1491 1343 1522 gnato

841 1521 947 1558 facere,
999 1523 1073 1551 dum
1122 1523 1192 1552 fiam
1240 1524 1341 1553 miser.

842 1559 953 1590 Heaut.
969 1561 988 1591 i.
1013 1560 1038 1596 l,
1054 1561 1101 1597 54,
1117 1561 1163 1590 95.
1206 1562 1289 1591 Dum
1312 1563 1343 1591 id

840 1600 983 1628 rescitum
1012 1600 1048 1628 iri
1073 1600 1178 1637 credit,
1201 1601 1344 1639 tantisper

841 1642 933 1668 cavet.
960 1639 1088 1677 Adelph.
1104 1640 1123 1668 i.
1143 1638 1169 1676 l,
1184 1638 1230 1668 45.

879 1677 976 1714 tanto]
1011 1677 1105 1706 Tanto
1127 1677 1228 1707 hercle
1249 1679 1344 1716 magis

840 1715 932 1745 dabit.
952 1716 1038 1746 And.
1053 1717 1090 1745 iv.
1107 1717 1135 1753 4,
1149 1716 1197 1746 35.
1221 1716 1343 1752 Quanto

839 1754 940 1783 minus
968 1754 1030 1792 spei
1057 1759 1113 1789 est,
1140 1758 1222 1784 tanto
1249 1756 1343 1793 magis

838 1802 916 1822 amo.
946 1792 1024 1822 Eun.
1041 1803 1070 1822 V.
1086 1793 1114 1828 8,
1129 1793 1177 1823 23.
1220 1793 1342 1830 Quanto

839 1831 954 1860 diutius
992 1832 1086 1868 abest,
1124 1833 1219 1870 magis
1256 1833 1343 1870 cupio

838 1872 919 1899 tanto
927 1874 958 1899 et
969 1871 1063 1909 magis
1071 1871 1214 1900 desidero.
1227 1871 1341 1901 Heaut.

839 1908 883 1937 iii.
923 1908 948 1944 l,
985 1908 1031 1939 16.
1076 1909 1170 1938 Tanto
1203 1910 1340 1948 nequior.

840 1946 973 1986 Adelph.
990 1949 1029 1976 iv.
1047 1947 1074 1984 l,
1090 1947 1134 1977 12.
1164 1948 1233 1984 Quo
1247 1949 1343 1986 magis

839 1986 921 2020 novi,
948 1989 1030 2015 tanto
1058 1987 1183 2024 saepius.
1217 1986 1340 2016 Phorm.

838 2024 867 2053 ii.
888 2024 916 2059 2,
941 2023 985 2053 14.
1031 2025 1124 2054 Tanto
1143 2025 1235 2054 ocius.
1259 2025 1340 2055 Eun.

838 2063 882 2091 iii.
898 2062 926 2099 5,
943 2062 989 2091 61.
1013 2063 1125 2092 Heaut.
1141 2064 1180 2093 iv.
1196 2063 1225 2098 8,
1240 2064 1287 2093 26.

877 2101 1039 2140 tantopere]
1061 2102 1122 2138 Ah,
1133 2112 1172 2131 ne
1183 2104 1262 2131 saevi
1277 2106 1341 2132 tan-

837 2142 943 2177 topere.
974 2140 1056 2169 And.
1072 2151 1099 2169 v.
1122 2140 1151 2176 2,
1172 2140 1219 2171 27.
1262 2141 1342 2177 Quia

838 2178 953 2206 dudum
975 2183 1009 2207 tu
1030 2182 1179 2216 tantopere
1197 2179 1339 2217 jusseras.

840 2216 949 2245 Heaut.
966 2217 1006 2245 iv.
1028 2216 1057 2252 5,
1073 2216 1120 2246 38.
1162 2217 1194 2246 Si
1208 2227 1261 2246 vos
1275 2221 1340 2246 tan-

837 2256 935 2292 topere
952 2255 1027 2283 istuc
1042 2255 1146 2291 vultis,
1165 2255 1225 2284 flat.
1250 2256 1338 2285 Adel.

837 2301 864 2320 v.
890 2292 919 2327 8,
942 2291 988 2320 22.
1032 2292 1149 2322 Hacine
1172 2303 1261 2322 causa
1286 2303 1340 2332 ego

836 2339 917 2359 eram
938 2333 1088 2369 tantopere
1111 2332 1236 2370 cupidus
1256 2333 1338 2361 rede-

837 2368 910 2397 undi
931 2369 1057 2398 domum
1069 2370 1084 2398 ?
1105 2369 1181 2400 Hec.
1198 2370 1238 2399 iii.
1260 2369 1286 2406 l,
1302 2370 1338 2407 3;

836 2407 874 2436 iv.
893 2406 918 2442 l,
936 2407 980 2436 15.
1005 2407 1128 2437 Phorm.
1144 2419 1171 2438 v.
1188 2408 1217 2444 7,
1234 2407 1281 2438 16.

874 2445 1004 2485 tantum]
1030 2446 1158 2476 Tantum
1177 2452 1231 2476 est.
1257 2447 1337 2477 Eun.

837 2493 863 2512 v.
884 2483 912 2519 5,
936 2483 983 2513 26.
1027 2484 1089 2514 Hic
1116 2490 1198 2514 actor
1225 2489 1337 2515 tantam

835 2523 946 2588 poterit
978 2533 996 2551 a
1030 2523 1176 2553 facundia.
1223 2524 1337 2554 Heaut.

864 2560 917 2589 rol.
949 2560 993 2589 13.
1040 2562 1101 2598 Qui
1131 2563 1195 2592 heri
1223 2565 1339 2592 tantum

836 2599 955 2628 biberis.
979 2599 1091 2628 Heaut.
1108 2601 1151 2630 iii.
1167 2601 1196 2636 2,
1211 2600 1238 2630 8.

874 2637 1057 2675 tantundem]
1074 2639 1258 2668 Tantundem
1274 2650 1339 2678 ege-

835 2685 877 2704 ro.
900 2675 1014 2705 Heaut.
1029 2676 1068 2706 iv,
1084 2677 1113 2712 2,
1129 2677 1155 2706 9.
1187 2677 1273 2713 Quae
1287 2679 1338 2707 do-

836 2714 875 2743 tis
895 2714 1067 2743 tantundem
1087 2716 1183 2744 dabat.
1213 2716 1337 2746 Phorm.

835 2762 863 2782 v.
880 2752 908 2789 7,
923 2752 970 2782 36.
994 2752 1072 2781 Eun.
1089 2753 1118 2782 ii.
1135 2753 1164 2788 3,
1178 2753 1226 2782 29.

873 2790 1090 2830 tantummodo]
1127 2791 1338 2821 Tantummodo

835 2830 916 2865 satis,
936 2830 1047 2868 inquit,
1066 2830 1141 2858 scita
1161 2836 1214 2859 est.
1261 2831 1339 2859 Tan-

835 2868 984 2897 tummodo
1005 2878 1067 2897 non
1087 2868 1185 2898 addat.
1213 2868 1336 2898 Phorm.

834 2906 854 2936 i.
869 2906 898 2943 2,
913 2906 961 2942 59,
976 2906 1022 2935 92.

873 2944 984 2983 tantas]
1006 2945 1131 2975 Passim.

871 2983 1085 3022 tardiusculus]
1095 2982 1274 3014 Cliniaeille
1279 2993 1339 3013 ser-

1400 362 1679 430 yus2ta1diusouluae
1700 367 1754 394 ent.
1786 363 1900 395 Hectit.

1401 410 1443 431 111.
1482 424 1489 436 ,
1524 425 1531 431 .

1437 439 1558 480 tardus]
1585 440 1760 471 Tardum.
1787 440 1903 472 Haut.

1401 479 1441 508 iv.
1457 479 1486 514 5,
1499 478 1548 509 28.
1584 478 1701 509 Fatuus
1726 483 1783 516 ent,
1807 478 1903 509 innul-

1399 527 1458 552 sus,
1473 518 1585 547 tardus.
1610 517 1689 547 Eun.
1704 527 1733 548 v.
1748 518 1778 555 8,
1791 517 1840 548 49.

1437 556 1555 596 techna]
1601 556 1800 587 Parmenonis
1840 561 1901 586 tun

1398 596 1460 624 scio
1473 606 1536 625 esse
1557 595 1634 625 hanc
1654 595 1785 625 technam
1809 604 1901 634 qnam

1399 644 1447 662 me
1474 635 1587 664 vivere.
1620 634 1766 673 Eunffiiir.
1794 635 1824 670 4,
1849 633 1898 664 51.

1400 671 1479 702 Falli
1501 678 1530 702 te
1550 674 1630 702 sinas
1648 672 1755 702 technis
1810 682 1826 702 r
1840 682 1902 702 ser-

1399 711 1515 741 vulum.
1539 711 1651 741 Heaut.
1667 712 1708 741 iii.
1726 710 1753 746 1,
1767 682 1816 741 ἐξ.

1435 750 1553 789 tectam]
1592 751 1662 787 Quo
1689 751 1722 780 in
1745 753 1849 779 tectum
1870 753 1902 780 te

1398 794 1537 827 receptes.
1566 789 1677 818 Heaut.
1693 799 1720 818 v.
1735 787 1766 824 2,
1782 787 1827 818 15.

1397 826 1901 896 ι.ἔὲἕὲ]ι.ἷιῗ“ἒ.ῗ.ἰ“ὲὲ’.ἓὲ”ἷὲἑ.ΐὲ

1398 905 1437 934 iv.
1452 904 1481 942 2,
1496 904 1523 934 5.
1569 904 1598 934 T
1644 915 1676 934 re
1688 903 1899 935 contumelias.

1398 943 1474 974 Hec.
1490 944 1509 973 i.
1531 942 1562 980 2,
1581 944 1600 973 9
1622 966 1629 974 .
1673 944 1811 973 Adversa
1832 943 1900 982 ejus

1396 991 1449 1020 per
1475 990 1505 1012 te
1537 985 1612 1012 tecta
1645 983 1795 1020 tneitnquo
1815 981 1899 1050 31111

1397 1031 1502 1051 omnes
1515 1021 1602 1051 sient.
1625 1021 1702 1051 Hec.
1716 1021 1759 1051 iii.
1773 1019 1802 1055 3,
1857 1043 1865 1050 .

1435 1059 1548 1099 tequea]
1585 1059 1623 1089 In
1649 1059 1763 1089 alienu
1787 1058 1901 1098 teyulas

1397 1099 1514 1128 venisse
1532 1098 1716 1128 clanculum.
1748 1097 1828 1127 Eun.
1851 1098 1897 1127 iii.

1396 1136 1425 1171 5,
1439 1136 1486 1167 40.
1510 1138 1630 1175 Anguis
1681 1146 1696 1166 r
1713 1136 1897 1175 impluvium

1395 1176 1507 1243 dee2idit
1524 1176 1561 1205 de
1655 1177 1688 1205 is.
1717 1175 1840 1204 Phorm.
1856 1175 1898 1204 iv.

1433 1252 1504 1288 tela]
1534 1253 1618 1282 Lana
1639 1262 1674 1281 ac
1699 1251 1759 1282 tela
1781 1252 1898 1282 victum

1417 1293 1575 1321 uaeritans.
1616 1291 1693 1321 And.
1729 1291 1750 1321 i.
1786 1289 1814 1327 l,
1846 1291 1897 1322 48.

1395 1301 1567 1359 ‘'1'exentem
1587 1330 1678 1359 telam
1697 1330 1831 1360 studiose
1855 1330 1900 1370 ip-

1395 1378 1458 1397 sam
1483 1369 1676 1398 offendimus.
1721 1368 1836 1398 Mulier
1857 1373 1899 1400 te-

1394 1407 1454 1436 lam
1475 1408 1588 1437 deserit
1607 1408 1760 1437 continuo.
1782 1407 1897 1439 Haut.

1394 1446 1424 1475 ii.
1440 1445 1469 1483 3,
1482 1447 1531 1479 44.
1546 1445 1593 1476 64.

1433 1486 1626 1523 temerarius]
1660 1483 1741 1514 Sane
1766 1484 1817 1524 pol
1842 1485 1899 1517 illa

1395 1523 1564 1552 temulenta
1577 1528 1623 1553 est
1635 1522 1749 1552 mulier
1760 1528 1792 1553 et
1810 1527 1898 1555 teme-

1395 1562 1490 1592 raria.
1515 1562 1597 1591 And.
1613 1562 1632 1591 i.
1648 1563 1677 1597 4,
1690 1561 1720 1591 2.

1433 1601 1552 1639 temere]
1588 1600 1684 1630 Edico
1710 1601 1766 1630 tibi
1791 1611 1831 1631 ne
1856 1605 1897 1631 te-

1394 1648 1472 1668 mere
1501 1639 1598 1668 facias.
1634 1639 1715 1668 And.
1742 1639 1763 1669 i.
1791 1639 1821 1676 2,
1848 1640 1895 1670 34.

1398 1678 1467 1706 Non
1491 1681 1595 1707 temere
1617 1683 1673 1708 est.
1709 1677 1788 1708 Eun.
1813 1679 1844 1708 ii.
1866 1679 1897 1716 2,

1396 1715 1442 1745 60.
1469 1716 1581 1746 Heaut.
1597 1717 1638 1746 iv.
1653 1717 1681 1748 4.
1698 1715 1743 1746 19.
1786 1717 1838 1747 An
1856 1721 1896 1747 te-

1394 1764 1472 1784 mere
1495 1755 1656 1794 quicquam
1675 1754 1896 1786 Parmenonem

1394 1798 1559 1831 praetereat
1599 1794 1680 1832 quod
1719 1794 1798 1823 facto
1824 1804 1897 1824 usus

1395 1833 1462 1861 sit?
1498 1832 1575 1862 Hec.
1603 1842 1631 1862 v.
1659 1833 1689 1868 4,
1716 1831 1764 1862 38.
1829 1833 1896 1863 Pri-

1394 1871 1822 1939 ?53.2²¹:..?⁰³f2.33.⁹⁰e⁶;·
1835 1875 1896 1940 ..ετ

1393 1948 1433 1977 iv.
1449 1948 1479 1984 5,
1493 1947 1530 1984 2;
1553 1958 1580 1978 v.
1602 1947 1628 1984 l,
1644 1947 1699 1983 30;
1721 1958 1748 1977 ν.
1764 1946 1792 1983 3,
1809 1948 1855 1979 19.

1431 1987 1613 2025 temperans]
1648 1985 1795 2016 Hominis
1815 1987 1894 2055 stuf

1393 2030 1424 2054 et
1443 2026 1632 2063 temperantis
1649 2025 1772 2054 functus
1784 2035 1817 2055 es
1830 2036 1848 2055 o

1393 2064 1495 2093 cium?
1515 2063 1626 2094 Heaut.
1642 2063 1688 2093 iii.
1710 2063 1739 2100 3,
1757 2062 1804 2094 19.
1845 2064 1895 2094 Ex

1393 2112 1452 2140 qua
1478 2112 1510 2131 re
1537 2104 1639 2131 minus
1665 2103 1706 2131 rei
1741 2103 1817 2132 foret
1842 2108 1896 2132 unt

1391 2142 1490 2207 samsie
1506 2144 1679 2180 temperans.
1710 2140 1834 2170 Phorm.
1860 2142 1893 2171 ii.

1413 2203 1594 2255 ¹tempestas]
1635 2216 1738 2255 Usque
1770 2218 1896 2247 adversa

1390 2259 1555 2293 tempestate
1567 2255 1612 2284 usi
1625 2265 1738 2285 sumus.
1761 2255 1837 2286 Hec.
1848 2257 1891 2286 iii.

1411 2317 1584 2370 ⁷templum]
1609 2332 1669 2368 Qui
1690 2331 1800 2371 templa
1815 2333 1892 2363 caeli

1390 2380 1509 2399 summa
1522 2371 1623 2400 sonitu
1638 2373 1782 2401 concutit.
1810 2371 1903 2409 Eun..

1390 2409 1433 2438 iii.
1449 2409 1478 2443 5.
1493 2409 1540 2438 42.

1428 2447 1518 2486 tento]
1539 2447 1633 2483 Quasi
1649 2458 1711 2476 non
1725 2448 1818 2484 noris,
1829 2450 1894 2478 ten-

1388 2489 1481 2515 tatum
1495 2487 1627 2516 advenis.
1660 2486 1700 2516 D.
1724 2485 1828 2532 Egone
1839 2497 1894 2516 uu-

1389 2529 1451 2553 tem
1476 2525 1576 2554 tenta?
1604 2524 1728 2554 Phorm.
1744 2525 1776 2555 i1.
1797 2524 1826 2562 3,
1843 2524 1893 2560 41,

1389 2562 1436 2592 42.
1479 2563 1588 2592 Visum
1609 2569 1654 2593 est
1674 2563 1750 2592 mihi
1771 2568 1806 2592 ut
1825 2563 1894 2602 ejus

1389 2605 1531 2630 tentarem
1572 2602 1655 2640 prius
1700 2603 1891 2631 sententiam.

1391 2639 1514 2669 Phorm.
1531 2641 1570 2669 iv,
1586 2639 1615 2676 3,
1631 2639 1676 2670 14.

1428 2678 1553 2717 tempus]
1594 2679 1679 2708 Dum
1711 2681 1824 2717 tempus
1855 2678 1893 2707 ad

1389 2726 1456 2746 eam
1470 2727 1534 2746 rem
1550 2717 1630 2746 tulit.
1662 2717 1744 2746 And.
1759 2718 1780 2746 i.
1801 2716 1834 2753 2,
1846 2715 1892 2748 17.

1392 2755 1477 2784 Dum
1492 2758 1547 2784 tem
1572 2765 1604 2784 us
1617 2756 1714 2784 datur.
1750 2755 1832 2784 And.
1846 2754 1891 2784 iii.

1390 2793 1419 2828 3,
1446 2793 1493 2822 24.
1562 2803 1596 2822 er
1620 2797 1678 2822 tem
1756 2793 1891 2822 advenis.

1392 2831 1473 2860 And.
1488 2832 1527 2860 iv.
1543 2832 1572 2867 4,
1586 2832 1634 2861 44.
1699 2841 1738 2860 on
1752 2835 1799 2860 sat
1811 2841 1893 2860 com-

1389 2870 1478 2899 mode
1503 2870 1599 2898 divisa
1624 2874 1695 2898 sunt
1717 2872 1774 2897 tem
1837 2870 1843 2876 '

1390 2908 1444 2936 tibi
1459 2907 1540 2936 haec.
1564 2907 1644 2937 And.
1659 2908 1704 2936 iii.
1722 2906 1748 2943 l,
1784 2907 1812 2936 8.
1852 2907 1892 2936 ln

1388 2949 1516 2984 tempore
1549 2945 1612 2984 ipso
1646 2945 1720 2975 mihi
1757 2946 1891 2976 advenis.

1390 2984 1471 3013 And.
1486 2993 1514 3013 v.
1531 2983 1559 3020 6,
1577 2983 1622 3014 10.
1648 2984 1807 3014 Praeteriit
1818 2987 1889 3014 tem

1884 2042 1896 2049 e
