2020 3412
274 254 360 298 fflffi

272 369 477 408 Assentando,
515 371 711 412 indulgendo,
749 377 780 404 et

270 409 320 439 lar
341 410 433 440 iendo.
457 410 591 450 Adelph.
608 423 635 442 v,
652 413 680 449 9,
696 412 744 444 31.

321 449 452 489 atyitas]
485 451 549 480 Aut
569 451 709 491 laryitate
732 453 779 482 ni-

271 489 332 517 mia
359 493 412 518 aut
438 491 629 528 parsimonia.
664 491 778 522 Heaut.

270 527 316 557 iii.
335 527 360 565 1,
377 528 423 558 32.
467 529 554 565 Quae
573 531 663 559 istaec
678 533 779 560 subita

271 571 316 635 {st
343 567 494 607 laryitas?
530 569 663 608 Adelph.
693 580 720 600 V.
751 571 778 607 9,

309 645 446 682 lascivia]
463 647 600 676 Luxuria
612 651 643 677 et
656 648 779 678 lascivia

271 685 394 715 diffluit.
418 686 531 715 Heaut.
549 697 577 716 V.
596 686 622 723 l,
638 686 684 718 72.

309 724 416 763 lassus]
450 726 583 754 Animus
601 749 607 756 .
625 747 631 754 .
649 749 656 756 .
674 726 778 763 lassus,

270 773 342 792 cura
363 765 526 801 confectus,
552 769 660 803 stupet.
694 766 779 796 And.

270 803 302 832 ii.
322 802 348 838 l,
362 803 390 832 4.
416 803 563 841 Vigilabis
577 803 680 834 lassus.
697 805 778 836 Eun.

269 842 301 871 ii.
327 841 353 878 l,
378 841 424 872 15.
477 842 573 872 Enim
596 843 707 873 lassam
729 855 780 884 op-

290 881 420 949 idoltum
435 891 498 912 esse
512 883 625 912 aibant.
651 883 727 914 Hec.
745 885 776 915 ii.

291 943 299 957 ,
314 921 333 949 4
355 944 362 950 .

308 959 401 1000 later]
426 960 560 1000 Pul-gem
573 963 644 991 me?
656 961 779 993 laterem

269 998 378 1028 lavem.
403 999 528 1030 Phorm.
544 1001 564 1030 i.
580 1001 609 1037 4,
625 1000 652 1031 8.

308 1038 453 1078 Latinus]
478 1040 559 1069 Eun.
581 1039 664 1071 Prol.
685 1041 713 1078 8,
730 1041 775 1071 34.

270 1077 384 1109 Heaut.
426 1078 508 1109 Prol.
551 1078 597 1109 18.
650 1081 776 1111 Phorm.

269 1116 352 1147 Prol.
367 1117 415 1149 27.

307 1156 402 1195 latus]
442 1157 622 1198 Triumphe,
652 1161 677 1189 si
705 1159 778 1190 licet

268 1205 318 1225 me
356 1196 449 1226 latere
490 1204 569 1228 tecto
608 1199 775 1230 abscedere.

269 1235 383 1265 Heaut.
400 1237 440 1266 iv,
458 1235 487 1271 2,
502 1236 529 1266 5.

306 1274 413 1314 laudo]
464 1275 605 1307 Laudare
639 1278 777 1308 fortunas

267 1323 359 1343 meas.
385 1315 466 1344 And.
492 1316 511 1344 i.
539 1316 566 1353 1,
592 1316 638 1349 70.
682 1317 777 1354 Quic-

268 1353 343 1391 quid
369 1353 487 1390 dicunt‚
512 1355 625 1386 laudo:
655 1357 686 1385 id
711 1367 777 1386 rur-

268 1401 337 1422 sum
351 1393 374 1421 si
391 1398 511 1431 negant,
536 1395 627 1424 laudo
650 1396 682 1425 id
703 1406 775 1434 quo-

269 1441 336 1470 que.
370 1431 451 1462 Eun.
481 1433 512 1463 ii.
542 1433 571 1471 2,
599 1434 647 1464 20.
692 1435 776 1472 Quid

268 1480 321 1509 ego
356 1471 423 1510 ejus
457 1473 514 1502 tibi
549 1483 632 1503 nunc
666 1474 775 1504 faciem

266 1510 437 1548 praedicem
451 1518 504 1540 aut
526 1511 644 1542 laudem
658 1513 670 1543 ,ἲ
696 1513 773 1543 Eun.

267 1549 309 1579 iii.
326 1549 354 1587 5,
372 1549 416 1582 l7.
450 1551 565 1581 Vereor
579 1562 680 1582 coram
696 1554 727 1582 in
744 1563 776 1582 os

267 1593 298 1618 te
322 1588 449 1619 laudare
471 1590 610 1630 amplius.
642 1592 774 1632 Adelph.

266 1628 299 1657 ii.
311 1628 341 1664 4,
356 1628 384 1665 5,
400 1633 431 1659 et
446 1631 557 1667 passim
571 1630 654 1661 alibi.

305 1667 390 1706 lavo]
416 1669 478 1699 Ubi
499 1680 554 1699 nos
574 1670 735 1700 laverimus
751 1671 776 1700 si

266 1706 350 1736 voles
358 1707 467 1738 lavato.
486 1709 710 1747 Eun.iii.5,48.
726 1711 774 1740 Cf.

266 1746 315 1781 44,
327 1746 433 1783 45,47.
459 1748 599 1778 Unctum
610 1755 701 1788 atque
710 1749 774 1779 lau-

266 1788 330 1815 tum
349 1796 365 1815 e
389 1786 512 1818 balneis.
542 1788 667 1818 Phorm.
690 1790 721 1819 ii.
746 1789 775 1825 2,

267 1824 314 1854 25.
363 1825 473 1855 Venias
496 1828 636 1866 precibus
659 1827 776 1857 lautum

267 1869 423 1902 peccatum
440 1871 537 1895 tuum.
562 1867 687 1897 Phorm.
703 1877 732 1898 V.
745 1868 774 1904 7,

267 1903 314 1933 80.
355 1903 511 1934 Continuo
527 1906 599 1935 haec
614 1907 775 1941 adornant,

267 1947 303 1971 ut
316 1942 402 1973 lavet.
431 1944 511 1974 Eun.
528 1945 571 1974 iii.
588 1945 617 1981 5,
633 1945 680 1976 34.
725 1946 772 1976 Cf.

267 1981 383 2012 Heaut.
402 1983 441 2013 iv.
467 1982 493 2021 l,
518 1983 548 2014 5.
570 1984 653 2015 And.
676 1985 721 2015 iii.
745 1985 775 2019 2,

267 2020 294 2051 3.
337 2022 498 2053 Lavatum.
532 2023 610 2054 Eun.
628 2025 669 2055 iii.
686 2023 715 2063 5,
736 2025 776 2054 44

266 2059 313 2090 52.
339 2061 452 2092 Heaut.
470 2063 506 2092 iv.
526 2062 551 2095 l.
567 2063 615 2093 42.

306 2099 388 2138 laus]
415 2101 463 2130 Ita
483 2101 629 2131 facillime
650 2103 715 2132 sine
730 2102 775 2132 in-

267 2139 349 2168 vidia
371 2139 491 2169 laudem
514 2141 660 2172 invenias.
691 2142 776 2172 And.

267 2177 287 2206 i.
311 2176 337 2212 l,
362 2177 408 2208 39.
452 2179 608 2215 Quantam
631 2185 662 2210 et
682 2191 776 2218 quam

267 2225 370 2245 veram
410 2216 529 2247 laudem
571 2219 668 2257 capiet
704 2219 776 2248 Par-

267 2256 373 2285 meno!
399 2255 479 2285 Eun.
497 2267 523 2286 v.
540 2257 569 2293 4,
584 2256 612 2286 3.
656 2258 693 2287 In
707 2268 776 2287 mea

266 2295 330 2323 vita
350 2298 384 2323 tu
401 2295 456 2324 tibi
471 2295 590 2325 laudem
609 2297 634 2325 is
680 2297 776 2326 uaesi-

267 2334 357 2362 tum?
372 2333 486 2364 Heaut.
502 2335 534 2364 ii.
549 2334 576 2370 3,
589 2335 638 2367 74.
687 2336 775 2365 audi-

269 2382 306 2402 ne
335 2382 375 2402 an
408 2373 483 2402 vitio
509 2374 578 2403 duci
606 2375 638 2403 id
659 2375 775 2404 factum

267 2416 411 2480 gporzeat.
462 2412 541 2458 Eam
574 2412 695 2482 laudgrg.
711 2413 776 2482 lhlile

290 2461 338 2480 uci
401 2460 576 2481 maximam.
695 2463 710 2482 e
768 2477 774 2483 .

269 2489 352 2520 Prol.
369 2489 397 2524 5,
418 2489 463 2521 18.
507 2491 559 2521 An
580 2490 667 2521 laudi
690 2464 776 2530 pultat

268 2529 355 2559 fore?
382 2529 451 2559 Hoc
464 2529 551 2559 laudi
563 2535 617 2560 est.
642 2530 773 2570 Adelph.

268 2569 311 2599 iii.
327 2568 356 2606 3,
370 2568 418 2605 28,
435 2568 481 2598 64.
525 2569 591 2599 Sibi
606 2579 678 2599 vero
699 2570 776 2600 hanc

267 2607 389 2676 l5c1uldlem
407 2607 596 2648 relinquunt.
630 2608 709 2640 Hec.
730 2610 774 2639 iii.

291 2670 298 2684 ⁹
307 2685 404 2726 laute]
429 2686 549 2723 Facete,
562 2686 672 2726 lepide,
687 2686 776 2724 laute,

268 2724 316 2754 nil
350 2735 449 2764 supra.
488 2726 646 2756 Eun.‘iii.
678 2726 705 2764 l,
728 2726 774 2759 37.

268 2764 365 2794 Laute
407 2775 522 2795 munus
560 2766 777 2796 administrasti

269 2808 368 2833 tuum.
394 2804 525 2843 Adelph.
541 2815 569 2834 V.
591 2804 618 2841 1,
631 2805 659 2835 2.

308 2842 423 2881 mutus]
453 2844 570 2873 Omnes
591 2849 620 2873 te
642 2845 674 2873 in
693 2843 777 2874 lauta

269 2891 333 2911 esse
344 2887 373 2911 et
391 2882 466 2911 bene
481 2888 548 2912 acta
561 2888 644 2921 parte
659 2887 775 2923 putant.

271 2920 383 2950 Heaut.
400 2923 442 2951 iv.
458 2921 487 2958 5,
502 2922 549 2952 50.
579 2922 648 2952 Hoc
663 2922 777 2952 salsum

270 2964 334 2995 est3
366 2959 423 2989 hoc
450 2961 594 2990 adustum
622 2966 687 2998 est,
719 2962 777 2991 hoc

268 2997 384 3069 gzu7ttltm
394 3002 440 3029 est
453 3009 569 3039 parum.
589 3000 721 3041 Adelph.
733 3001 775 3031 iii.

291 3060 299 3074 ‚
354 3060 361 3068 .

983 260 1182 305 INDEX

865 373 987 405 lectulus
1017 375 1152 406 Lectulos
1161 375 1236 415 jube
1248 375 1343 405 sterni

834 415 929 445 nobis.
955 416 983 445 A
1007 415 1086 454 elph.
1103 416 1134 444 ii.
1151 416 1179 451 4,
1194 413 1243 444 21.
1272 414 1344 444 Lec-

832 453 908 483 tutos
935 454 968 483 in
995 454 1059 484 sole
1086 454 1189 493 ilignis
1237 454 1344 484 edibus

832 493 985 561 {eiciendos
1013 494 1106 524 dedit.
1143 493 1210 523 Ade
1226 493 1275 532 ph.
1302 494 1341 524 iV.

855 556 862 569 ‚
877 533 925 562 46.

872 571 975 611 lectus]
1001 572 1123 602 Deinde
1145 581 1212 602 eam
1234 573 1266 601 in
1288 571 1344 601 lec-

832 613 894 639 tum
920 611 991 641 illae
1012 611 1173 641 collocant.
1198 611 1279 641 Eun.
1297 612 1340 642 iii.

832 649 861 686 5,
884 650 931 680 45.
974 651 1077 680 Lectos
1104 655 1247 685 sternere,
1277 661 1341 680 coe-

833 699 904 718 nam
919 699 1067 729 apparare.
1092 690 1205 720 Heaut.
1219 691 1237 721 i.
1254 689 1280 726 l,
1293 690 1339 723 73.

834 728 906 757 Huc
934 734 980 758 est
1013 730 1095 759 intro
1121 729 1202 759 latus
1229 730 1341 759 lectus.-

833 769 1022 798 vestimentis
1033 773 1143 798 stratus
1155 774 1209 799 est.
1227 769 1339 799 Heaut.

833 816 862 836 v.
880 806 905 844 l,
923 807 968 837 30.
1012 807 1055 837 Ut
1077 809 1178 838 triduo
1198 808 1254 838 hoc
1276 818 1342 848 per-

832 851 922 884 petuo
939 857 1078 886 prorsum
1093 858 1109 876 e
1122 848 1193 877 lecto
1210 853 1342 887 nequeat

833 895 962 924 surgere.
988 887 1119 926 Adelph.
1136 887 1176 917 iv.
1195 886 1221 924 1,
1235 888 1263 917 4.

871 924 952 965 leyo]
985 926 1110 965 Accipe,
1139 926 1210 956 hem
1238 926 1342 956 lectum

832 969 892 1001 est3
907 966 1069 995 conveniet
1077 975 1234 1002 numerus,
1245 976 1338 1005 quan-

833 1008 900 1033 tum
915 1005 1016 1034 debui.
1041 1004 1167 1035 Phorm.
1182 1005 1201 1034 i.
1218 1005 1246 1042 2,
1263 1005 1288 1034 3.

870 1043 1013 1082 Lemnos]
1045 1044 1110 1073 Iter
1129 1044 1178 1073 illi
1200 1044 1233 1073 in
1255 1044 1341 1074 Lem-

831 1093 901 1112 num
917 1088 951 1112 ut
966 1088 1052 1113 esset.
1076 1083 1203 1113 Phorm.
1216 1085 1234 1113 i.
1248 1083 1276 1121 2,
1294 1083 1339 1114 16.

833 1122 901 1158 Qua
925 1123 1077 1162 profectus
1104 1133 1193 1152 causa
1215 1123 1284 1153 hinc
1309 1133 1341 1153 es

832 1161 1000 1192 Lemnum?
1035 1161 1160 1192 Phorm.
1184 1164 1224 1191 iV.
1256 1161 1282 1199 1,
1313 1162 1337 1192 l.

832 1201 982 1231 Fructum
997 1211 1089 1239 quem
1104 1202 1212 1231 Lemni
1233 1202 1340 1231 uxoris

831 1240 963 1270 reddunt
1008 1242 1116 1270 media.
1148 1241 1272 1270 Phorm.
1299 1242 1338 1271 iv.

832 1278 858 1314 3,
888 1279 934 1310 75.
1010 1290 1061 1309 um
1089 1280 1155 1309 e'us
1182 1281 1340 1310 consuevit

830 1317 905 1348 olim
926 1324 1022 1348 matre
1043 1319 1075 1348 in
1138 1330 1204 1348 nmo
1218 1319 1337 1348 clancu-

829 1357 907 1388 lum.
930 1358 1054 1387 Phorm.
1073 1369 1101 1387 v.
1117 1359 1146 1394 6,
1163 1358 1209 1388 33.
1254 1359 1339 1388 Uxo—

830 1407 895 1426 rem
910 1419 916 1426 .
934 1421 941 1427 .
958 1420 965 1427 .
981 1397 1088 1426 Lemni
1106 1398 1215 1427 habuit
1237 1398 1336 1428 aliam.

830 1436 956 1466 Phorm.
972 1447 1000 1466 V.
1025 1437 1053 1474 7,
1076 1437 1124 1466 49.
1169 1437 1206 1466 In
1226 1437 1338 1466 Lemno

830 1498 836 1504 .
852 1497 857 1503 .
872 1499 878 1505 .
892 1475 972 1505 elam
988 1480 1017 1505 te
1032 1499 1038 1505 .
1053 1497 1060 1504 .
1075 1499 1082 1505 .
1096 1486 1223 1505 uxorem
1238 1477 1336 1506 duxit.

830 1514 955 1544 Phorm.
971 1525 1000 1544 V.
1017 1515 1044 1550 8,
1064 1514 1107 1545 15.

868 1553 957 1593 lenio]
979 1554 1092 1584 Sedulo
1113 1554 1263 1584 faciebant
1278 1565 1338 1594 qno

829 1593 915 1623 illam
935 1593 1011 1622 mihi
1032 1593 1158 1623 lenirent
1174 1594 1335 1624 miseriam.

830 1633 943 1662 Heaut.
960 1633 980 1662 i.
1001 1632 1027 1669 l,
1044 1632 1091 1664 75.

868 1671 957 1712 lenis]
982 1672 1043 1709 Qui
1059 1682 1109 1702 me
1123 1675 1187 1701 tam
1200 1671 1262 1702 leni
1274 1682 1338 1711 pas-

830 1721 879 1741 sus
894 1712 997 1741 animo
1012 1717 1058 1741 est
1070 1735 1077 1742 .
1090 1733 1097 1740 .
1110 1734 1118 1741 .
1130 1711 1236 1741 facere.
1255 1712 1336 1742 And.

829 1751 848 1780 i.
865 1751 893 1786 5,
908 1751 955 1783 27.
985 1750 1018 1781 Si
1034 1750 1106 1780 lem's
1120 1756 1175 1786 est,
1189 1751 1225 1780 ad
1241 1750 1336 1780 alium

829 1790 963 1820 defertur
972 1800 1100 1830 gregem.
1124 1790 1238 1820 Heaut.
1253 1790 1334 1820 Prol.

828 1829 875 1858 45.
914 1830 1040 1869 Ingenio
1056 1834 1086 1859 te
1100 1840 1165 1859 esse
1179 1831 1209 1858 in
1225 1829 1337 1859 liberos

827 1868 888 1898 leni
901 1874 983 1908 puto.
1008 1869 1122 1898 Heaut.
1138 1869 1158 1899 i.
1177 1867 1203 1904 1,
1219 1868 1265 1898 99.
1303 1870 1336 1898 Si

828 1913 857 1937 te
872 1913 934 1937 tam
949 1908 1009 1937 leni
1022 1913 1052 1938 et
1065 1909 1144 1937 victo
1158 1908 1262 1937 animo
1274 1918 1338 1937 esse

828 1947 1003 1977 ostenderis.
1027 1947 1140 1976 Heaut.
1167 1947 1211 1976 iii.
1238 1946 1264 1984 l,
1287 1947 1335 1976 29.

829 1986 913 2024 Quid
927 1987 990 2016 vini
1002 1987 1109 2016 absum
1121 1987 1176 2016 sit!
1201 1986 1252 2016 Sic
1268 1986 1335 2023 hoc,

828 2026 951 2061 dicens,
975 2026 1138 2065 Asperum,
1162 2030 1255 2064 pater,
1282 2025 1337 2055 hoc

828 2070 892 2101 est,
924 2065 1009 2095 aliud
1031 2064 1124 2094 lenius
1146 2065 1232 2094 sodes
1255 2065 1334 2095 vide.

829 2104 941 2134 Heaut.
979 2105 1023 2134 iii.
1062 2104 1088 2141 l,
1123 2103 1170 2134 50.
1222 2104 1336 2140 Quem-

829 2153 961 2182 quamne
976 2144 1077 2172 animo
1099 2148 1159 2172 tam
1179 2144 1335 2172 communi

829 2192 892 2211 esse
907 2187 959 2211 aut
973 2181 1033 2211 leni
1046 2184 1156 2220 putas?
1178 2181 1291 2211 Heaut.
1307 2192 1334 2211 v.

831 2220 857 2257 l,
878 2220 925 2250 39.
969 2220 1033 2258 Ego
1058 2230 1127 2249 sum
1151 2221 1254 2249 animo
1278 2220 1338 2249 leni

828 2264 927 2289 natus.
954 2259 1031 2288 Hec.
1047 2259 1077 2288 ii.
1092 2259 1122 2294 2,
1137 2259 1184 2288 28.
1226 2259 1335 2288 Lenem

828 2302 944 2336 patrem
959 2297 1051 2327 illum
1073 2298 1187 2327 factum
1208 2308 1258 2327 me
1273 2309 1336 2328 esse

828 2338 1019 2366 acerrimum.
1044 2337 1167 2366 Pliorm.
1185 2338 1217 2366 ii.
1235 2336 1261 2374 l,
1279 2337 1324 2367 32.

867 2375 988 2414 lenitas]
1008 2375 1086 2405 Heri
1101 2386 1219 2415 semper
1232 2375 1337 2406 lenitas

828 2415 955 2444 Verebar
995 2425 1140 2453 quorsum
1187 2416 1335 2445 evaderet.

830 2454 916 2484 And.
936 2455 956 2484 i.
981 2453 1011 2490 2,
1033 2454 1062 2483 4.
1105 2454 1212 2493 Inepta
1231 2454 1337 2484 lenitas

829 2494 929 2532 patris.
954 2493 1086 2532 Adelph.
1103 2493 1146 2522 iii.
1164 2494 1193 2530 3,
1210 2493 1256 2523 36.

868 2531 948 2570 leno]
973 2533 1093 2562 Avarus
1113 2532 1186 2562 leno.
1221 2533 1335 2563 Heaut.

830 2570 911 2600 Prol.
943 2570 990 2601 39.
1035 2571 1111 2607 Vah,
1140 2571 1204 2601 leno
1231 2573 1338 2611 iniqua

830 2620 878 2639 me
900 2620 961 2639 non
982 2610 1052 2639 vult
1070 2610 1165 2649 loqui.
1208 2611 1239 2641 S.
1255 2611 1336 2641 Leno

829 2659 907 2685 sum,
942 2649 1046 2685 fateor,
1082 2650 1228 2687 pernicies
1255 2661 1335 2680 com—

829 2689 931 2718 munis
972 2687 1226 2725 adoleseentium,
1270 2699 1336 2728 per-

827 2732 1055 2802 ἒςῖὲῖῑιὲϋθῖἑέῗ·
1066 2727 1225 2796 ..ῗνῗὲἒῐὲῗ
1239 2729 1338 2797 ιῖῐωὶὲ

830 2805 1046 2844 impurissimo,
1070 2805 1194 2835 Pliorm.
1206 2807 1224 2835 i.
1241 2806 1270 2842 2,
1286 2807 1333 2836 33.

832 2844 921 2880 Heia,
956 2854 994 2872 ne
1028 2854 1134 2881 parum
1168 2844 1232 2874 leno
1267 2847 1332 2875 sies.

831 2883 954 2912 Phorm.
972 2883 1015 2911 iii.
1028 2882 1058 2919 2,
1069 2882 1119 2912 24.

869 2921 978 2961 lepide]
996 2921 1116 2956 Facete,
1131 2922 1237 2960 lepide,
1252 2923 1335 2954 laute

830 2961 876 2992 nil
891 2970 986 2999 supra.
1010 2960 1090 2990 Eun.
1108 2961 1155 2990 iii.
1174 2961 1200 2998 l,
1216 2961 1262 2993 37.

869 2999 997 3069 lepidus]
1023 3000 1051 3030 O
1066 2999 1195 3038 lepidum
1209 3005 1334 3047 patrem.

833 3040 884 3070 An
907 3062 915 3070 .
936 3049 964 3070 V.
987 3039 1017 3077 4,
1038 3039 1087 3070 45.
1129 3039 1156 3069 O
1170 3040 1335 3079 capitulum

1391 374 1614 414 lepidissimum.
1638 376 1718 406 Eun.
1735 376 1780 407 iii.
1804 376 1832 415 8,
1850 376 1900 408 25.

1394 415 1448 445 Ine
1468 415 1541 445 hinc
1562 425 1623 455 quo
1645 417 1754 455 dignus
1776 425 1808 446 es
1828 425 1899 447 cum

1391 455 1477 484 donis
1497 455 1559 484 tuis
1578 460 1643 485 tam
1719 455 1726 462 ’
1746 456 1779 486 is.
1815 455 1898 486 Eun.

1391 494 1431 524 iV.
1454 493 1481 531 3,
1503 494 1548 524 10.
1592 495 1661 524 Itan
1695 495 1817 533 cpidum
1841 495 1897 525 tibi

1391 533 1491 563 visum
1519 539 1574 571 est,
1603 534 1710 570 scelus,
1739 543 1795 564 nos
1829 534 1899 564 irri-

1389 573 1483 602 dere?
1505 572 1584 602 Eun.
1601 583 1628 603 V.
1644 574 1674 611 7,
1691 572 1736 605 17.
1767 573 1831 612 Ego
1846 573 1898 613 pol

1390 612 1445 641 tibi
1461 613 1538 642 dabo
1552 612 1640 642 illam
1654 612 1680 642 le
1708 613 1714 619 “
1734 621 1898 652 amquam

1389 658 1422 680 tu
1446 651 1532 681 facile
1555 661 1647 681 ames.
1712 656 1792 682 eaut.
1817 662 1846 682 v.
1867 651 1896 690 ὅ,

1390 690 1434 719 16.
1460 691 1628 729 Olepidum
1640 697 1739 731 caput.
1761 690 1895 731 Adelph.

1388 740 1416 760 v.
1432 729 1460 766 9,
1476 730 1514 767 9;
1536 740 1564 760 V.
1581 729 1609 766 7,
1627 730 1674 767 13,
1691 730 1736 760 16.

1436 769 1534 808 lepus]
1576 769 1676 808 Lepus
1702 779 1744 807 es,
1771 773 1803 799 et
1829 769 1898 809 pul-

1386 814 1565 878 patggntum
1580 809 1699 848 quaeris
1709 810 1724 839 Ρ
1753 808 1835 840 Eun.
1851 809 1895 839 iii.

1430 886 1519 926 levis]
1544 887 1660 917 Omnes
1677 887 1756 917 mihi
1777 886 1897 922 labores

1385 926 1471 956 fuere
1488 936 1563 966 quos
1577 937 1611 957 ce
1631 928 1641 956 i
1659 926 1743 957 leves.
1777 926 1892 957 Heaut.

1385 965 1416 995 ii.
1446 966 1476 1004 4,
1506 965 1551 996 19,
1643 967 1694 996 via
1721 969 1793 996 suut
1820 965 1894 996 haec

1386 1014 1462 1044 quae
1482 1009 1516 1035 tu
1537 1005 1691 1044 pergravia
1704 1015 1768 1036 esse
1781 1005 1814 1034 in
1829 1006 1896 1035 ani-

1385 1054 1472 1074 mum
1500 1045 1622 1074 induxti
1651 1049 1750 1074 tuum.
1801 1044 1895 1074 Pueri

1385 1083 1466 1113 inter
1499 1094 1563 1114 sese
1594 1093 1668 1123 quas
1703 1093 1754 1123 pro
1785 1083 1895 1113 levibus

1385 1124 1485 1152 noxiis
1499 1124 1558 1153 iras
1572 1123 1701 1163 gerunt!
1743 1122 1893 1153 Mulieres

1385 1167 1456 1192 sunt
1476 1163 1572 1192 ferme
1589 1167 1623 1192 ut
1643 1162 1728 1201 pueri
1749 1161 1809 1191 levi
1826 1171 1893 1192 sen-

1384 1202 1491 1231 tentia.
1519 1201 1597 1231 Hec.
1612 1202 1654 1231 iii.
1672 1200 1700 1239 l,
1717 1200 1763 1238 12,
1777 1201 1827 1238 30,
1843 1200 1890 1231 32.

1386 1240 1471 1270 Olim
1494 1241 1620 1280 quidem
1649 1246 1679 1270 te
1703 1251 1810 1270 causae
1833 1241 1893 1270 im-

1385 1279 1538 1318 pellebant
1552 1280 1635 1310 leves.
1651 1279 1728 1309 Hec.
1745 1280 1789 1309 iii.
1802 1279 1832 1317 4,
1845 1279 1891 1310 12.

1386 1319 1467 1348 ΝοΙο
1492 1343 1498 1349 .
1516 1343 1523 1349 .
1540 1342 1546 1349 .
1575 1319 1717 1349 leviorem
1737 1319 1824 1349 vobis
1846 1319 1894 1349 Vi-

1383 1358 1483 1388 derier
1505 1359 1671 1388 immerito.
1708 1358 1784 1388 Hec.
1809 1368 1835 1388 V.
1865 1357 1892 1396 1,

1384 1397 1430 1427 33.
1476 1398 1511 1427 Id
1535 1397 1597 1427 leve
1620 1402 1675 1427 est.
1707 1398 1785 1428 Hec.
1807 1407 1836 1428 V.
1860 1397 1892 1435 2,

1387 1436 1430 1467 15.
1475 1437 1574 1466 Tenui
1604 1447 1668 1467 esse
1695 1438 1832 1468 oratione
1862 1442 1893 1467 et

1382 1476 1530 1544 {criptura
1556 1476 1622 1506 levi.
1657 1476 1783 1506 Phorm.
1806 1476 1890 1508 Ptol.

1421 1554 1501 1623 levo}
1525 1554 1664 1594 Sperabit
1678 1559 1817 1584 sumtum
1831 1555 1890 1585 sibi

1383 1603 1475 1662 scn2ex
1497 1598 1613 1624 evatum
1623 1604 1696 1624 esse.
1719 1594 1834 1624 Heaut.
1846 1594 1889 1626 iv.

1404 1657 1483 1711 'leoeJ
1511 1672 1557 1702 Ea
1577 1671 1604 1702 le
1662 1677 1754 1712 atque
1778 1673 1890 1703 omine.

1386 1711 1467 1742 And.
1489 1711 1509 1742 i.
1527 1711 1556 1748 2.
1579 1682 1638 1742 23?
1669 1712 1803 1742 Coactus
1821 1712 1893 1752 legi-

1383 1750 1434 1780 bus
1449 1761 1516 1780 eam
1532 1761 1659 1781 uxorem
1673 1751 1772 1782 ducet.
1806 1751 1890 1782 And.

1384 1791 1424 1820 iv.
1440 1791 1468 1827 4,
1484 1789 1531 1820 41.
1561 1790 1629 1819 Hac
1643 1789 1703 1830 lege
1719 1791 1777 1820 tibi
1791 1800 1893 1821 meam

1383 1830 1536 1868 adstringo
1564 1829 1666 1860 fidem.
1701 1829 1784 1860 Eun.
1811 1830 1835 1860 i.
1853 1829 1891 1868 ·2,

1383 1868 1429 1898 22.
1455 1868 1555 1898 Patris
1569 1879 1673 1908 pacem
1687 1869 1719 1898 in
1731 1868 1807 1909 leges
1820 1879 1893 1899 con-

1383 1908 1465 1937 ficiet
1489 1918 1565 1938 suas.
1597 1908 1711 1938 Heaut.
1737 1919 1764 1939 V.
1788 1907 1819 1946 2,
1841 1907 1892 1939 45.

1385 1947 1493 1986 Neque
1515 1947 1605 1987 leqem
1627 1951 1714 1986 putat
1735 1952 1839 1978 tenere
1860 1958 1893 1978 se

1385 1986 1488 2016 ullam.
1514 1986 1643 2025 Adelph.
1661 1987 1681 2016 i.
1697 1986 1727 2024 2,
1742 1987 1770 2017 5.
1800 1986 1894 2026 Leges

1383 2036 1444 2055 non
1465 2026 1579 2056 sinunt.
1610 2025 1734 2056 Phorm.
1750 2026 1782 2056 ii.
1800 2025 1828 2063 l,
1842 2025 1890 2057 62.

1382 2065 1493 2101 Leoum
1518 2069 1679 2095 contortor.
1712 2065 1837 2095 Phorm.
1856 2065 1890 2096 ii.

1383 2104 1410 2140 3,
1421 2104 1468 2138 27.
1504 2105 1574 2134 Mea
1588 2104 1648 2143 leye
1663 2108 1740 2134 utar.
1763 2103 1890 2135 Phorm.

1383 2143 1427 2173 iii.
1440 2142 1470 2179 2,
1481 2143 1528 2172 48.
1560 2143 1612 2172 An
1626 2142 1735 2180 lenibus
1748 2143 1893 2174 daturum

1403 2192 1491 2211 oenas
1516 2182 1622 2211 dices?
1652 2181 1778 2212 Phorm.
1801 2183 1843 2213 iV.
1862 2182 1891 2220 3,

1405 2220 1431 2256 1,
1446 2225 1477 2250 et
1491 2219 1576 2251 alibi.

1420 2259 1522 2295 libens]
1555 2260 1620 2299 Ego
1643 2259 1724 2289 illud
1749 2269 1821 2290 vero
1848 2260 1893 2291 ita

1381 2298 1438 2327 feci
1454 2310 1487 2328 ac
1503 2298 1603 2329 libens.
1627 2299 1708 2329 Eun.
1724 2300 1767 2330 iii.
1788 2298 1818 2336 5,
1841 2299 1890 2330 43.

1383 2337 1506 2367 Faciam
1529 2339 1601 2367 boni
1626 2339 1683 2367 tibi
1707 2338 1833 2385 aliquid,
1856 2349 1891 2369 ae

1380 2376 1479 2407 libens.
1504 2377 1619 2407 Heaut.
1635 2378 1676 2407 iv.
1692 2377 1721 2415 5,
1738 2378 1783 2408 lo.
1820 2377 1892 2408 Tibi

1381 2416 1470 2445 libens
1484 2417 1561 2446 bene
1575 2417 1679 2447 faxim.
1712 2415 1843 2456 Adelph.
1859 2425 1888 2447 V.

1382 2455 1410 2491 5,
1423 2455 1450 2485 6.
1490 2456 1637 2485 Hilarum
1651 2466 1685 2485 ae
1698 2455 1831 2486 libentem
1844 2455 1890 2486 fac

1382 2499 1411 2524 te
1433 2496 1517 2533 gnati
1539 2495 1571 2524 in
1596 2495 1721 2531 nuptiis.
1754 2494 1891 2534 Adelph.

1382 2534 1422 2564 iv.
1452 2534 1481 2571 7,
1510 2533 1560 2563 38.
1603 2533 1694 2563 Nihil
1721 2538 1767 2564 est
1793 2543 1890 2573 aeque

1382 2573 1463 2642 quo}
1488 2573 1599 2642 {agiam
1625 2572 1726 2604 libens.
1762 2572 1888 2603 Phorm.

1383 2622 1427 2642 111.
1464 2636 1472 2649 ‚
1528 2636 1534 2642 .

1420 2651 1557 2689 libenter]
1595 2651 1677 2680 Cum
1700 2650 1756 2680 illa
1777 2673 1785 2681 .
1801 2672 1809 2681 .
1825 2673 1833 2682 .
1859 2654 1890 2680 et

1381 2690 1502 2720 libenter
1516 2691 1592 2719 vivis
1604 2701 1611 2727 ;
1632 2690 1747 2720 etenim
1763 2689 1839 2720 bene
1853 2689 1890 2719 lt*-

1380 2729 1478 2759 henter
1492 2730 1622 2759 victites.
1651 2729 1730 2759 Eun.
1747 2739 1774 2759 V.
1789 2729 1819 2761 8.
1839 2728 1888 2766 44,

1381 2768 1428 2798 56.
1474 2768 1640 2798 Laudarier
1654 2773 1683 2797 te
1697 2768 1784 2797 audit
1797 2767 1889 2797 liben-

1381 2811 1433 2837 ter.
1467 2807 1597 2846 Adelph.
1627 2807 1668 2836 iv.
1699 2806 1726 2842 l,
1755 2806 1799 2836 19.
1842 2806 1889 2836 At

1381 2847 1454 2875 istos
1483 2847 1602 2875 invidos
1621 2845 1811 2884 Diperdant
1833 2846 1887 2884 qui

1381 2885 1454 2914 haec
1480 2885 1601 2914 libenter
1626 2885 1780 2914 nuntiant.
1808 2884 1887 2915 Hec.

1382 2926 1424 2954 iii.
1441 2924 1468 2958 5,
1486 2924 1531 2953 19.
1555 2924 1679 2953 Phorm.
1697 2924 1738 2953 iii.
1753 2922 1782 2960 2,
1799 2923 1826 2953 3.

1420 2963 1526 3001 Liber]
1550 2963 1622 2993 Sine
1646 2963 1757 2992 Cerere
1778 2967 1810 2992 et
1833 2961 1889 2992 Ia·-

1381 3002 1448 3070 berg
1471 3002 1562 3041 friget
1590 3002 1703 3032 Venus.
1734 3001 1816 3032 Eun.
1844 3001 1886 3031 iv.

1383 3041 1411 3079 5,
1446 3065 1453 3072 .
