2020 3412
255 264 340 307 880

369 378 507 421 Video
542 394 643 422 esse.
719 379 799 421 Pa.
833 378 961 419 Mene
978 378 998 419 P

426 445 547 496 riam,

924 263 1188 306 HEOYRA.

1072 376 1149 418 La.
1182 375 1242 418 Te
1280 375 1433 432 ipsum.
1506 376 1566 418 Et
1604 375 1708 421 facis
1746 378 1859 436 inju-

1816 454 1862 489 70

371 509 515 557 Quum
534 510 664 566 fingis
684 510 811 551 salsas
833 522 978 550 causas
999 507 1054 548 ad
1074 506 1342 557 discordiam,

369 574 433 617 Ut
454 591 551 618 011111
571 576 646 617 illa
666 575 799 624 vivas,
822 578 975 615 testem
995 572 1107 613 hanc
1128 587 1261 627 quum
1282 573 1356 614 abs
1376 577 1419 614 te
1439 573 1648 615 amoveris
1665 588 1675 625 ;

369 640 593 696 Sensitque
614 641 716 682 adeo
736 654 844 680 uxor
863 654 872 689 ;
903 653 1006 678 nam
1026 637 1066 678 ei
1086 652 1211 679 causa
1231 637 1315 679 alia
1336 653 1443 694 quae
1464 638 1548 679 fuit

372 706 658 753 Quamobrem
690 705 763 746 abs
793 708 835 745 te
868 702 1038 745 abiret?
1097 702 1179 744 Ph.
1213 702 1349 745 Plane
1378 702 1449 745 1110
1470 703 1665 755 divinat3
1695 718 1798 746 nam
1815 703 1863 745 id

427 777 502 813 est.

368 836 449 878 Pa.
482 836 604 878 Dabo
619 834 922 892 jusjurandum
941 832 1054 875 nihil
1074 849 1162 875 esse
1182 834 1362 876 istorum
1382 832 1474 875 tibi.

1536 833 1613 875 La.
1646 832 1732 884 Ah,
1817 841 1862 879 75

369 901 517 944 Reduc
538 916 716 943 uxorem
733 916 742 942 ε
775 904 849 941 aut
870 899 1146 955 quamobrem
1165 914 1252 941 non
1273 914 1377 954 opus
1399 899 1454 941 sit
1475 899 1590 949 cedo.

368 966 447 1008 Pa.
481 966 582 1008 Non
617 970 680 1008 est
714 979 830 1006 nunc
861 969 1042 1020 tempus.

427 1031 602 1087 quidem

1104 965 1182 1006 La.
1214 964 1404 1006 Puerum
1438 964 1648 1020 accipias3
1690 978 1792 1006 nam
1825 962 1863 1006 18

370 1096 427 1137 In
447 1096 573 1151 culpa
592 1110 680 1137 non
700 1101 763 1138 est
779 1111 787 1137 :
819 1100 915 1151 post
935 1096 987 1137 de
1008 1099 1145 1137 matre
1164 1094 1322 1137 videro.

368 1160 449 1201 Pa.
483 1160 692 1202 Omnibus
712 1161 849 1202 modis
869 1160 999 1201 miser
1019 1175 1138 1211 sum3
1169 1174 1248 1201 nec
1269 1159 1374 1215 quid
1393 1174 1520 1215 agam
1540 1159 1650 1211 scio;

370 1225 451 1267 Tot
470 1242 539 1267 me
559 1241 674 1267 1111110
695 1227 820 1267 rebus
841 1225 1046 1267 miserum
1066 1225 1283 1267 concludit
1302 1229 1437 1281 pater.

1817 1235 1863 1266 ΒΟ

369 1290 511 1332 Abibo
530 1291 646 1340 hinc,
668 1305 867 1346 praesens
888 1290 1058 1346 quando
1078 1305 1304 1345 promoveo
1324 1305 1477 1345 parum
1494 1305 1504 1341 ;

370 1356 486 1399 Nam
504 1371 685 1411 puerum
705 1356 882 1412 injussu,
906 1356 1043 1405 credo,
1065 1370 1153 1396 non
1172 1355 1325 1396 tollent
1344 1370 1464 1406 meo3

369 1421 628 1462 Praesertim
647 1421 695 1461 in
715 1436 764 1462 ea
785 1436 831 1461 re
851 1435 984 1475 quum
1005 1420 1060 1461 sit
1079 1420 1189 1461 mihi
1209 1420 1400 1476 adjutrix
1420 1435 1574 1462 socrus.

369 1485 447 1527 La.
480 1485 616 1541 Fugis
630 1486 650 1527 *Ρ
679 1485 791 1535 110111,
814 1499 892 1526 1100
913 1485 1142 1540 quicquam
1162 1485 1268 1526 certi
1289 1485 1515 1540 respondes
1534 1485 1644 1526 mihi
1657 1485 1678 1526 P

369 1550 490 1592 Num
507 1551 589 1592 tibi
608 1550 779 1592 videtur
800 1565 888 1591 esse
907 1550 1022 1605 apud
1041 1565 1130 1591 sese
1146 1551 1167 1591 P
1226 1549 1338 1591 Sine.

1817 1561 1861 1591 85

369 1615 571 1666 Puerum,
595 1615 822 1670 Phidippe,
843 1614 953 1655 mihi
973 1615 1075 1656 cedo
1093 1630 1102 1666 ;
1135 1630 1214 1670 ego
1235 1615 1359 1656 alam.
1420 1615 1503 1656 Pla.
1526 1613 1729 1656 Maxime.

370 1680 472 1722 Non
491 1680 650 1721 mirum
669 1680 771 1722 fecit
790 1694 899 1721 uxor
919 1679 956 1721 si
974 1679 1055 1721 1100
1076 1695 1202 1735 aegre
1222 1680 1337 1721 tulit.

369 1745 555 1787 Amarae
575 1745 775 1786 mulieres
797 1748 920 1786 sunt:
951 1759 1040 1786 non
1059 1743 1185 1785 facile
1205 1744 1309 1786 haec
1329 1744 1486 1786 ferimt.

370 1810 603 1866 Propterea
622 1811 727 1852 haec
746 1809 812 1851 ira
832 1814 895 1851 est
911 1825 919 1851 :
951 1824 1054 1850 nam
1073 1809 1165 1864 ipsa
1184 1809 1377 1851 narravit
1395 1809 1517 1850 mihi.

370 1876 426 1917 Id
446 1892 525 1932 ego
545 1877 626 1918 hoc
646 1879 870 1931 praesente
889 1874 970 1915 tibi
989 1874 1187 1916 nolebam
1206 1875 1359 1925 dicere,

370 1940 522 1996 Neque
543 1941 582 1982 ei
603 1941 826 1982 credebam
845 1939 1009 1995 prim03
1040 1955 1155 1982 nunc
1175 1955 1275 1982 vero
1295 1940 1439 1995 palam
1458 1944 1534 1981 est.

370 2006 486 2047 Nam
506 2006 679 2047 omnino
701 2005 927 2047 abhorrere
948 2004 1141 2046 animum
1160 2005 1261 2047 huic
1281 2005 1405 2047 video
1425 2020 1450 2046 a
1468 2003 1644 2059 nuptiis.

369 2071 447 2112 La.
482 2070 598 2117 Quid
617 2085 719 2126 ergo
739 2086 879 2126 agam,
903 2070 1117 2125 Phidippe
1134 2070 1154 2111 P
1184 2070 1289 2125 quid
1307 2070 1381 2111 das
1402 2069 1552 2112 00118111
1568 2069 1589 2110 Ρ

370 2135 452 2177 Ph.
487 2134 603 2181 Quid
621 2150 723 2190 agas
741 2135 761 2177 P
810 2135 1083 2177 Meretricem
1101 2134 1213 2176 hanc
1232 2134 1420 2189 primum
1439 2133 1679 2176 adeundam
1698 2148 1859 2177 censeo.

256 2263 341 2310 Prol.
371 2279 404 2309 ii.
435 2280 494 2310 30:
529 2278 677 2310 “Refero
707 2278 845 2310 denuo.''

257 2322 383 2363 Captivi
397 2322 430 2352 ii.
447 2323 477 2353 3.
495 2323 530 2353 51
549 2334 556 2352 :

257 2384 278 2400 “
290 2381 406 2413 Fecisti
417 2384 453 2411 ut
463 2381 564 2412 redire
573 2381 666 2411 liceat
678 2381 717 2412 ad
733 2383 882 2421 parentes
893 2379 1034 2411 denuo.”

891 2279 1033 2316 Plautus,

256 2449 335 2480 This
350 2449 376 2479 is
391 2451 449 2479 not
470 2458 490 2478 a
508 2448 683 2487 tautobgy,
698 2448 758 2478 but
779 2458 799 2478 a
818 2458 889 2478 case
911 2447 947 2477 of
965 2448 1036 2478 that

257 2492 414 2532 liberality
430 2491 467 2522 of
479 2491 578 2521 idiom
594 2491 696 2520 which
713 2491 846 2529 prevails
861 2491 895 2521 in
910 2490 953 2521 all
967 2491 1035 2521 lan-

257 2545 384 2575 guages.
431 2534 474 2565 So
490 2543 536 2564 we
558 2543 614 2574 say
634 2537 642 2550 ‘
657 2533 673 2563 Ι
689 2542 729 2572 go
752 2533 833 2563 back
854 2533 977 2572 again?
1001 2534 1035 2563 in

259 2578 399 2610 German
442 2586 490 2607 we
532 2576 613 2607 have
653 2578 662 2593 ‘
673 2576 914 2607 zuriickkehren
926 2576 933 2589 ’
972 2576 1035 2606 and

258 2625 267 2639 ⁴
278 2618 654 2657 wiederzuriickkehren.'
737 2618 799 2649 For
848 2621 856 2636 ‘
869 2619 1012 2650 revolvor
1025 2619 1033 2634 ’

258 2673 407 2704 compare
422 2663 543 2698 Cicero,
551 2662 603 2693 Ad
614 2662 758 2693 Atticum
774 2662 840 2692 xiii.
857 2663 918 2692 26:
936 2665 956 2680 ‘⁴
968 2663 1034 2693 Ita-

258 2717 321 2748 que
350 2707 494 2738 revolvor
522 2705 695 2736 identidem
724 2705 758 2735 in
782 2705 1034 2743 Tusculanum‚”

259 2750 353 2781 ‘And
377 2760 413 2781 80
436 2749 453 2780 Ι
475 2752 587 2780 return
609 2748 701 2789 again
726 2747 789 2778 and
810 2748 903 2787 again
925 2751 959 2778 to
983 2759 1036 2788 my

258 2793 419 2824 Tusculan
434 2791 545 2832 place!

302 2837 356 2872 76.
377 2836 590 2872 Quamobrem
598 2844 662 2865 non
671 2843 750 2874 opus
758 2834 802 2865 eit
812 2833 904 2873 cedo]
933 2834 1036 2864 ‘Take

257 2879 340 2910 back
355 2888 435 2919 your
450 2878 530 2915 wife,
546 2887 583 2908 or
597 2878 653 2908 tell
670 2887 722 2907 me
738 2876 808 2916 why
820 2886 883 2916 you
898 2876 1035 2907 cannot)

259 2922 323 2953 For
339 2925 346 2939 ¹
358 2922 436 2952 cedo
447 2921 455 2935 '
473 2931 525 2952 see
539 2923 615 2951 note
629 2930 675 2951 on
688 2919 805 2950 Heaut.
820 2919 861 2950 iv.
878 2921 908 2950 8.
925 2922 957 2950 5.

303 2966 356 2996 80.
383 2964 569 3005 Concludit]
617 2966 626 2982 ‘
640 2962 699 3003 My
723 2962 828 2993 father
855 2962 959 2993 drives
984 2973 1035 2992 me

257 3007 327 3039 into
347 3017 367 3038 a
387 3017 500 3039 corner
519 3007 554 3038 in
576 3015 612 3038 80
633 3015 730 3047 many
743 3005 850 3046 ways)
896 3005 959 3036 For
980 3005 1036 3036 tho

1079 2288 1171 2309 sense
1186 2279 1222 2309 of
1242 2281 1250 2296 ¹
1263 2279 1416 2310 concludo
1428 2278 1437 2294 ’
1460 2289 1513 2310 see
1535 2281 1611 2310 note
1625 2288 1669 2310 on
1683 2279 1805 2311 Andria
1825 2279 1861 2310 ii.

1123 2366 1175 2395 81.
1200 2366 1377 2395 Promoveo
1387 2365 1526 2405 parum]
1575 2367 1584 2382 ⁴
1598 2365 1615 2396 1
1630 2365 1695 2396 will
1705 2374 1746 2405 go
1759 2374 1860 2405 away,

1079 2407 1165 2438 since
1180 2407 1222 2448 by
1237 2408 1363 2448 staying
1381 2408 1458 2439 here
1474 2408 1490 2439 1
1505 2419 1558 2438 am
1573 2408 1670 2448 doing
1688 2417 1731 2439 no
1753 2407 1859 2448 good!

1080 2451 1237 2490 Compare
1253 2451 1375 2481 Andria
1394 2451 1435 2481 iv.
1454 2452 1483 2482 1.
1503 2452 1562 2482 16:
1586 2451 1727 2491 “Atque
1745 2451 1861 2492 aliquis

1080 2493 1173 2530 dicat,
1190 2494 1280 2524 Nihil
1295 2493 1524 2534 promoveris.''
1551 2494 1614 2525 For
1623 2494 1758 2525 another
1768 2503 1861 2525 sense

1079 2536 1114 2567 of
1128 2540 1135 2554 ⁴
1147 2547 1319 2577 promoveo
1331 2537 1340 2551 ’
1357 2547 1409 2567 see
1424 2537 1546 2568 Andria
1559 2538 1600 2567 iv.
1617 2539 1649 2568 2.
1666 2537 1721 2576 27,
1735 2538 1797 2568 28:

1095 2596 1198 2627 “Eho
1221 2599 1257 2626 tu
1279 2597 1448 2637 impudens
1470 2607 1536 2628 non
1559 2597 1635 2628 satis
1652 2596 1751 2628 habes
1773 2595 1860 2638 quod

1165 2639 1223 2670 tibi
1240 2639 1393 2670 dieculam
1409 2640 1491 2670 addo

1124 2682 1291 2716 Quantum
1306 2683 1380 2713 huic
1394 2693 1566 2723 promoveo
1581 2681 1762 2723 nuptias?”

1125 2751 1177 2780 82.
1194 2750 1323 2789 Injussu
1335 2772 1342 2780 .
1357 2772 1365 2780 .
1378 2773 1386 2780 .
1398 2750 1482 2789 meo]
1503 2749 1562 2780 See
1571 2752 1647 2779 note
1655 2759 1698 2780 on
1707 2749 1749 2780 iv.
1763 2750 1791 2780 l.
1803 2749 1857 2785 47.

1124 2794 1176 2823 85.
1200 2793 1302 2832 Apud
1322 2793 1404 2833 sese]
1453 2793 1513 2823 See
1534 2796 1612 2822 note
1631 2801 1675 2822 on
1692 2792 1811 2823 Heaut.
1826 2802 1857 2822 v.

1083 2836 1110 2865 l·
1124 2836 1181 2908 gg.
1204 2877 1303 2918 Cedo]
1331 2877 1391 2908 See
1405 2880 1481 2908 note
1495 2887 1537 2908 on
1555 2877 1674 2914 Heaut.
1689 2877 1731 2907 iv.
1747 2879 1779 2908 8.
1796 2878 1829 2908 6.

1122 2921 1174 2951 89.
1199 2921 1287 2950 Nam
1303 2922 1373 2960 ipsa
1388 2921 1537 2952 narravit
1551 2920 1648 2960 mihi]
1698 2920 1758 2951 See
1771 2920 1814 2951 iv.
1828 2921 1857 2951 1.

1077 2963 1291 3043 21943422111‘11
1305 3015 1383 3046 aya-v
1393 3006 1426 3046 ἲ]
1455 3006 1568 3037 ‘What
1580 3015 1637 3038 are
1651 3015 1716 3047 you
1729 3008 1765 3038 to
1779 3004 1858 3036 do?u
