2020 3412
248 269 333 311 378
922 267 1187 311 HEOYRA.

359 382 510 439 Neque
531 382 660 425 fuisse
679 387 959 439 praegnatem
979 396 1171 437 unquam
1191 385 1291 423 ante
1311 381 1427 423 hunc
1447 381 1553 424 scivi
1574 381 1702 424 diem.

360 448 438 489 La.
472 447 603 498 Bene,
628 448 689 490 ita
710 463 778 490 me
799 448 858 489 Di
878 452 1035 497 ament,
1058 446 1258 498 nuntias3
1290 451 1333 488 et
1355 447 1519 502 gaudeo
1814 460 1860 498 20

360 513 525 555 Natum
544 513 681 564 illum,
704 519 747 555 et
768 513 849 555 tibi
869 512 990 553 illam
1011 512 1198 553 salvam:
1231 512 1305 554 sed
1324 512 1431 567 quid
1451 512 1644 555 mulieris

361 578 555 620 Uxorem
574 579 717 629 habes,
741 584 814 620 aut
836 577 990 633 quibus
1009 581 1221 618 moratam
1241 577 1430 619 moribus
1444 578 1465 620 P

362 644 507 686 Nosne
527 644 607 685 1100
629 644 784 685 celatos
805 648 895 684 tam
916 642 991 683 diu
1008 643 1028 684 P
1058 658 1222 698 nequeo
1243 642 1346 684 satis

363 708 504 755 Quam
523 709 604 751 hoc
623 709 734 750 mihi
753 708 924 750 videtur
944 707 1107 749 factum
1127 723 1258 763 prave
1278 707 1486 764 proloqui.

359 774 440 815 Ph.
474 774 574 815 Non
596 774 677 816 tibi
696 774 806 815 illud
825 773 989 815 factum
1006 773 1150 815 minus
1169 773 1310 829 placet
1330 789 1461 829 quam
1480 773 1602 825 mihi,
1624 773 1779 816 Lache.
1813 785 1858 815 25

360 839 439 880 Pa.
472 839 656 880 Etiamsi
677 839 839 880 dudum
859 838 1000 880 fuerat
1021 838 1272 894 ambiguum
1290 838 1372 880 1100
1391 838 1514 889 1111111,
1604 845 1608 849 ’

360 904 404 946 Ν
406 919 489 946 unc
509 919 597 946 non
618 909 682 946 est
702 919 836 960 quum
856 919 951 945 eam
971 904 1244 959 consequitur
1265 903 1429 945 alienus
1449 919 1567 959 puer.

360 969 438 1011 La.
470 969 605 1012 Nulla
624 970 718 1020 tibi,
740 969 980 1025 Pamphile,
1003 969 1074 1010 hic
1090 969 1184 1025 jam
1203 969 1458 1011 consultatio
1478 974 1553 1011 est.

360 1035 439 1076 Pa.
473 1035 602 1077 Perii.
663 1035 741 1077 La.
774 1035 906 1076 Hunc
925 1034 1071 1076 videre
1092 1049 1215 1089 saepe
1235 1035 1486 1089 optabamus
1506 1035 1621 1077 diem

363 1099 508 1147 Quum
527 1116 582 1142 ex
600 1105 644 1142 te
664 1105 773 1142 esset
794 1100 948 1156 aliquis
969 1100 1044 1155 qui
1064 1105 1108 1141 te
1129 1099 1363 1156 appellaret
1382 1104 1562 1155 patrem.
1812 1111 1858 1142 30

348 1165 545 1207 Evenit:
577 1166 712 1207 habeo
734 1165 920 1221 gratiam
939 1165 1031 1207 Dis.

1092 1165 1174 1206 Pa.
1206 1165 1364 1207 Nullus
1385 1180 1490 1207 sum.

363 1230 439 1272 La.
472 1230 622 1272 Reduc
642 1246 832 1280 uxorem,
856 1245 904 1271 ac
924 1230 1015 1271 noli
1035 1229 1253 1271 adversari
1272 1230 1395 1271 mihi.

361 1295 441 1337 Pa.
475 1295 617 1346 Pater,
640 1296 677 1337 si
697 1311 751 1337 ex
771 1311 840 1337 me
859 1295 936 1337 illa
955 1295 1110 1337 liberos
1130 1295 1262 1337 vellet
1282 1295 1376 1346 sibi,

361 1359 452 1401 Aut
473 1376 516 1402 se
538 1376 626 1402 esse
646 1376 816 1402 mecum
833 1365 1026 1416 nuptam,
1050 1360 1152 1402 satis
1174 1365 1290 1402 certo
1311 1361 1397 1403 scio

361 1425 463 1468 Non
482 1441 551 1467 me
572 1426 685 1468 clam
704 1426 881 1467 haberet
901 1426 1016 1481 quod
1036 1425 1190 1467 celasse
1211 1425 1421 1481 intelligo.
1814 1437 1860 1468 35

360 1490 490 1533 Nunc
510 1506 645 1546 quum
664 1491 756 1547 ejus
777 1491 966 1533 alienum
986 1505 1073 1532 esse
1094 1506 1119 1532 a
1138 1505 1207 1532 me
1227 1491 1421 1532 animum
1441 1490 1636 1542 sentiam,

361 1556 405 1599 N
406 1571 453 1598 ec
474 1561 784 1599 conventurum
803 1556 917 1598 inter
936 1571 1013 1597 nos
1033 1555 1209 1611 posthac
1231 1571 1319 1597 esse
1340 1556 1535 1606 arbitror,

363 1620 651 1668 Quamobrem
670 1622 871 1663 reducam
885 1622 905 1663 P
963 1621 1040 1663 La.

1074 1620 1216 1662 Mater
1237 1621 1352 1676 quod
1371 1621 1504 1663 suasit
1525 1637 1600 1663 sua

360 1686 622 1729 Adolescens
642 1687 797 1729 mulier
818 1686 920 1728 fecit
937 1702 946 1728 :
977 1686 1277 1727 mirandumne
1298 1686 1344 1727 id
1364 1692 1427 1728 est
1444 1688 1464 1730 Ρ

362 1751 528 1794 Censen
547 1757 591 1794 te
610 1767 731 1808 posse
751 1751 939 1807 reperire
958 1751 1094 1793 ullam
1112 1751 1338 1793 mulierem
1814 1764 1861 1794 40

363 1818 482 1865 Quae
503 1823 645 1860 careat
665 1817 791 1873 culpa
805 1817 826 1859 ⁴?
856 1832 912 1858 an
933 1817 1034 1872 quia
1053 1831 1141 1858 non
1162 1817 1418 1872 delinquunt
1438 1816 1523 1859 viri
1539 1818 1560 1859 ⁴?

361 1884 443 1926 Ph.
476 1883 655 1926 Vosmet
674 1883 817 1925 videte
832 1882 937 1938 jam,
961 1881 1104 1924 Lache
1125 1887 1169 1924 et
1188 1887 1238 1924 tu
1258 1882 1497 1938 Pamphile,

361 1949 612 1991 Remissane
633 1963 738 2004 opus
759 1947 814 1989 sit
834 1947 955 1989 vobis
976 1948 1212 1989 redductan
1233 1948 1420 1990 domum.

362 2015 485 2056 Uxor
506 2014 612 2070 quid
631 2013 760 2055 faciat
780 2013 827 2054 in
846 2027 979 2054 manu
998 2028 1086 2054 non
1106 2018 1169 2054 est
1188 2029 1283 2055 mea
1301 2029 1310 2054 z

291 2112 344 2142 21.
374 2111 461 2148 Quid
474 2112 622 2142 mulieris
637 2120 772 2141 uxorem
789 2111 886 2141 habes
896 2110 930 2150 ?]
974 2110 1033 2141 See

247 2156 325 2185 note
340 2164 382 2184 on
399 2154 577 2184 Eunuchus
592 2154 635 2184 iii.
653 2155 684 2184 4.
701 2155 732 2184 8.

290 2198 344 2228 23.
369 2197 480 2227 Nosne
503 2197 563 2227 hoc
585 2198 705 2227 celatos
729 2199 795 2227 tam
817 2196 874 2226 diu
886 2195 919 2235 ?]
969 2195 1032 2226 For

246 2239 303 2270 the
330 2239 549 2269 construction
572 2239 609 2269 of
627 2239 683 2269 the
707 2242 855 2269 sentence
872 2249 924 2269 see
939 2242 1031 2269 notes

247 2292 291 2314 on
312 2282 488 2312 Eunuchus
508 2282 541 2313 ii.
562 2283 590 2312 l.
607 2283 638 2313 3.
666 2281 787 2312 Andria
802 2282 823 2311 i.
841 2283 872 2312 5.
893 2282 942 2312 10.
989 2281 1030 2311 In

247 2325 369 2356 Andria
383 2324 426 2355 iii.
444 2326 475 2356 4.
493 2326 524 2362 6,
540 2335 588 2355 we
604 2325 684 2355 have
700 2327 708 2342 ‘
720 2324 804 2355 celo'
825 2324 970 2354 followed
987 2323 1030 2364 by

247 2371 311 2399 two
326 2368 529 2399 accusatives.
576 2367 636 2399 See
656 2374 742 2398 note.
791 2367 903 2398 Hence
925 2367 959 2397 in
974 2367 1030 2397 the

248 2411 371 2452 passive
400 2410 456 2442 the
481 2410 556 2441 verb
587 2411 652 2441 still
677 2410 797 2441 retains
824 2420 885 2441 one
913 2410 949 2440 of
973 2410 1029 2440 the

248 2453 452 2485 accusatives.
499 2454 560 2484 See
581 2457 657 2484 note
679 2464 722 2484 on
746 2453 932 2490 Eunuchus,
952 2453 1028 2483 Pro-

247 2497 311 2538 log.
330 2498 381 2534 17.
426 2497 573 2528 Another
606 2496 824 2527 construction
853 2496 959 2527 would
990 2496 1029 2527 be

249 2542 257 2558 ⁴
269 2539 381 2572 Nosne
401 2539 441 2570 de
460 2539 522 2570 hoc
545 2539 661 2570 celatos
673 2539 696 2570 ?'
717 2549 752 2570 as
775 2539 809 2570 in
833 2539 954 2576 Cicero,
978 2539 1029 2570 Ad

248 2583 339 2614 Fam.
355 2593 384 2614 v.
401 2585 436 2614 2:
462 2585 483 2600 ‘⁴
495 2582 550 2614 Te*
565 2583 711 2613 maximis
728 2582 767 2612 de
782 2582 878 2613 rebus
893 2592 912 2613 a
935 2582 1031 2612 fratre

248 2636 318 2658 esse
343 2624 516 2657 celatum.”
561 2625 632 2656 The
654 2635 741 2656 same
767 2625 864 2655 idiom
894 2625 1030 2665 prevails

247 2669 367 2710 largely
395 2669 430 2700 in
460 2669 577 2700 Greek.
624 2668 683 2699 See
712 2668 768 2699 the
798 2668 851 2698 list
876 2668 911 2698 of
937 2668 1030 2699 verbs

248 2713 320 2743 that
354 2712 430 2743 take
463 2722 482 2742 a
511 2711 628 2742 double
657 2711 845 2748 accusative,
871 2711 906 2741 in
936 2711 1030 2742 Jelf’s

250 2755 357 2787 Greek
373 2755 551 2792 Grammar,
572 2757 588 2793 ξ
606 2755 680 2787 583.

291 2801 345 2830 25.
369 2799 446 2829 Non
463 2799 522 2829 tibi
544 2797 630 2829 illud
640 2796 774 2836 factum
796 2797 903 2827 minus
923 2798 1031 2836 placet

248 2851 345 2882 quam
359 2841 457 2881 milui]
506 2841 596 2872 ‘The
618 2840 763 2871 business
784 2843 902 2869 cannot
924 2840 1031 2879 please

249 2894 311 2924 you
327 2884 389 2915 less
404 2884 483 2915 than
498 2884 525 2914 it
538 2884 615 2915 does
629 2883 703 2923 me.'
748 2882 820 2913 The
834 2883 983 2922 meaning
1002 2883 1029 2913 is

248 2927 336 2968 plain
358 2927 497 2967 enough,
515 2930 523 2944 ⁸
535 2927 552 2958 Ι
568 2926 632 2958 like
645 2926 703 2957 the
716 2925 808 2956 affair
829 2935 864 2955 as
886 2925 970 2956 little
994 2935 1029 2956 as

248 2980 312 3010 you
334 2970 375 3001 do
388 2970 408 3008 ς’
425 2970 549 3010 though
570 2969 705 3010 Bentley
726 2971 910 3008 transposes
930 2971 938 2984 ⁴
951 2968 1026 2998 tibi'

247 3013 310 3043 and
349 3012 470 3051 ‘mihif
505 3013 569 3044 and
599 3013 747 3044 Donatus
784 3020 938 3052 supposes
972 3011 1028 3042 the

1078 2110 1181 2141 words
1211 2113 1247 2141 to
1285 2111 1326 2141 be
1354 2110 1433 2141 used
1463 2109 1638 2150 ironically.
1683 2109 1715 2141 A
1743 2119 1861 2151 proper

1077 2153 1238 2193 emphasis
1260 2163 1303 2183 on
1325 2153 1382 2184 the
1396 2153 1483 2184 word
1507 2152 1648 2183 ‘minus'
1671 2152 1781 2194 brings
1802 2157 1861 2185 out

1075 2196 1131 2226 the
1146 2206 1240 2226 sense
1255 2196 1383 2236 clearly.

1120 2239 1171 2269 26.
1197 2240 1338 2270 Etiamsi
1366 2239 1440 2280 &c.]
1490 2238 1674 2278 ‘Although
1702 2239 1766 2270 this
1795 2249 1858 2270 was

1074 2281 1124 2312 for
1138 2291 1157 2311 a
1172 2282 1247 2322 long
1259 2283 1338 2312 time
1353 2292 1371 2312 a
1387 2285 1504 2313 matter
1513 2283 1549 2313 of
1561 2282 1738 2323 perplexity
1750 2285 1786 2313 ω
1795 2292 1857 2320 1110,

1074 2325 1100 2355 it
1115 2325 1142 2355 is
1158 2328 1215 2355 not
1233 2335 1268 2355 so
1284 2336 1347 2366 any
1362 2326 1473 2365 longer
1487 2335 1559 2356 now
1583 2325 1655 2356 that
1677 2325 1735 2357 she
1757 2325 1785 2356 is
1805 2335 1858 2356 ac-

1075 2368 1265 2407 companied
1281 2368 1324 2409 by
1339 2369 1474 2399 another
1488 2368 1593 2399 man’s
1608 2367 1716 2399 child!
1763 2368 1858 2400 Pam-

1074 2411 1180 2451 philus
1208 2421 1318 2442 means
1345 2411 1416 2442 that
1441 2412 1483 2442 he
1507 2414 1626 2443 cannot
1640 2411 1720 2442 have
1735 2411 1859 2443 further

1073 2454 1174 2484 doubt
1200 2454 1299 2485 about
1329 2455 1379 2485 his
1409 2455 1491 2485 wife.
1537 2454 1639 2485 Much
1663 2464 1699 2486 as
1728 2454 1770 2485 he
1794 2454 1858 2485 had

1073 2497 1192 2528 wished
1208 2500 1242 2529 to
1257 2498 1333 2528 take
1347 2498 1405 2528 her
1419 2498 1511 2534 back,
1527 2498 1569 2528 he
1583 2500 1701 2528 cannot
1715 2497 1810 2528 think
1823 2497 1862 2528 of

1075 2540 1101 2570 it
1115 2550 1198 2571 now.
1247 2541 1299 2571 He
1314 2551 1387 2581 says
1402 2541 1478 2577 this,
1492 2540 1530 2571 of
1540 2550 1662 2578 course,
1671 2539 1776 2578 asidez
1797 2539 1859 2571 but

1075 2583 1124 2613 his
1150 2593 1284 2614 manner
1307 2584 1335 2614 is
1362 2584 1543 2624 hesitating,
1574 2583 1639 2614 aud
1668 2593 1704 2614 so
1734 2583 1858 2614 Laches

1075 2626 1239 2657 addresses
1254 2626 1385 2657 himself
1396 2630 1430 2657 to
1445 2636 1572 2657 remove
1587 2626 1637 2657 his
1651 2625 1780 2657 douboe.

1120 2671 1171 2700 43.
1195 2670 1383 2700 Remissane
1403 2679 1483 2709 opus
1503 2671 1549 2700 sit
1571 2669 1645 2710 ὅγε]
1694 2669 1755 2700 Sec
1777 2669 1799 2700 i.
1824 2670 1856 2700 2.

1075 2714 1136 2744 29:
1170 2715 1190 2730 ⁴⁴
1204 2712 1281 2743 Non
1308 2716 1357 2743 est
1386 2722 1467 2752 opus
1492 2711 1652 2752 prolato,”
1678 2711 1743 2742 and
1769 2714 1855 2742 note.

1076 2755 1233 2795 Compare
1264 2754 1385 2791 Cicero,
1415 2755 1467 2785 Ad
1497 2754 1642 2785 Atticum
1670 2764 1703 2785 x.
1732 2756 1764 2785 4.
1795 2755 1855 2785 11:

1076 2797 1171 2828 “Sed
1194 2807 1275 2838 opus
1297 2798 1358 2828 fuit
1377 2798 1483 2827 Hirtio
1505 2795 1697 2827 convento.'’
1743 2796 1786 2827 So
1807 2806 1856 2827 we

1076 2841 1156 2871 have
1184 2840 1240 2871 the
1264 2841 1511 2880 corresponding
1533 2840 1664 2880 phrases
1687 2842 1855 2870 ‘mansum

1073 2883 1240 2924 oportuit,'
1270 2887 1347 2914 note
1375 2893 1419 2913 on
1450 2883 1568 2913 Heaut.
1598 2883 1621 2912 i.
1648 2884 1679 2913 2.
1709 2883 1764 2919 26,
1790 2882 1855 2913 and

1074 2929 1082 2944 ‘
1093 2936 1159 2957 non
1175 2926 1317 2966 oportuit
1331 2925 1480 2963 relictas,'
1499 2926 1614 2957 Heaut.
1633 2925 1665 2956 ii.
1683 2926 1714 2957 3.
1730 2926 1761 2956 6.

1116 2970 1169 3000 44.
1192 2970 1233 3000 In
1248 2979 1346 3000 manu
1361 2979 1425 3000 non
1439 2971 1486 3000 est
1502 2969 1588 3009 mea]
1637 2968 1697 2999 See
1714 2970 1791 3000 note
1810 2977 1854 2999 on

1073 3012 1114 3042 iii.
1134 3013 1166 3044 5.
1182 3013 1235 3043 43.

1996 2605 2016 2662 1
