2020 3412
296 261 381 304 548

297 377 357 405 tius
373 375 557 405 commodum
578 377 682 405 suadet
700 375 795 414 sequi.

298 414 377 444 Hec.
400 414 440 444 iii.
463 414 492 452 5,
514 414 560 445 31.
605 416 714 444 Matris
737 424 798 443 scr-

298 454 368 483 vibo
392 455 560 484 commodis.
603 454 681 483 Hec.
700 454 743 483 iii.
770 453 798 489 5,

298 493 346 522 45.
402 492 504 522 Multa
531 503 570 522 ex
599 503 659 532 quo
686 492 800 521 fuerint

298 532 465 568 commoda,
500 533 567 570 ejus
607 531 801 561 incommoda

298 581 432 610 aequum
443 576 473 600 et
484 571 569 600 ferre.
583 571 658 600 IIcc.
668 581 696 599 V.
714 570 741 606 3,
752 569 798 598 42.

340 609 525 648 commodus]
564 609 801 639 Commodiorem.

303 649 473 683 hominem,
507 649 684 683 adveutum,
724 652 800 676 tem-

323 699 367 724 us,
389 698 450 717 non
473 687 546 717 vidi.
578 687 661 716 And.
682 696 710 716 V.
727 685 756 722 2,
774 686 800 715 3.

327 728 334 756 i
370 727 401 756 id
437 737 498 755 non
533 726 716 755 commodum
747 730 801 754 est.

304 766 384 795 Eun.
400 766 442 795 iii.
458 765 486 801 2,
504 764 549 795 19.
593 764 709 794 Mulier
726 773 803 793 com-

303 805 392 834 moda
407 810 437 833 et
451 805 556 834 faceta.
584 803 698 832 Heaut.
714 803 757 832 iii.
774 802 803 839 2,

306 843 350 873 10.
385 843 623 873 comissatorem
638 842 720 871 haud
734 852 804 871 sane

302 883 497 912 commodum.
530 881 661 920 Adelph.
677 891 706 911 V.
726 881 756 917 2,
777 881 803 911 8.

307 922 375 952 Hoc
389 927 419 951 et
434 922 520 950 vobis
534 926 566 951 et
580 931 666 950 meae
679 930 806 950 commo-

303 961 376 990 dum
390 961 487 990 famae
501 961 640 990 arbitror.
671 960 748 989 Hec.
765 960 804 988 iv,

304 1000 334 1037 2,
349 1000 376 1029 9.
422 1000 506 1036 Quot
519 999 689 1029 commodas
703 1009 749 1027 res
762 1003 807 1027 at-

306 1038 391 1069 tuli?
412 1039 490 1069 Hec.
514 1050 541 1069 V.
569 1038 596 1075 3,
623 1038 669 1068 19.
713 1038 808 1067 Exse-

306 1079 393 1117 quias
421 1077 591 1113 Chremeti,
620 1077 729 1116 quibus
763 1080 809 1105 cst

305 1117 502 1152 commodum,
531 1118 573 1146 ire
594 1117 666 1145 hem
690 1122 810 1154 tempus

309 1161 364 1186 est.
388 1156 512 1186 Phorm.
528 1166 556 1185 v.
572 1155 602 1190 8,
616 1155 664 1186 37.

347 1196 531 1233 commoneo]
565 1194 757 1224 (llnmnoueat
776 1197 811 1222 ut

309 1244 429 1264 servem
451 1234 551 1263 fidem.
584 1234 666 1262 And.
682 1233 703 1262 i.
718 1232 748 1270 5,
762 1231 810 1261 45.

310 1273 456 1303 Aliorum
474 1271 614 1311 exempla
622 1274 810 1301 commonent.

312 1312 396 1342 And.
413 1313 452 1341 iv.
469 1311 498 1348 5,
516 1311 561 1343 17.

347 1351 555 1389 commonstra]
576 1350 722 1379 Parentes
730 1359 814 1378 meos

309 1395 345 1419 ιιι
357 1393 563 1419 commonstres
580 1389 670 1419 mihi.
700 1388 814 1418 Heaut.

309 1440 336 1458 V.
359 1429 388 1466 4,
409 1430 436 1458 4.
481 1428 648 1457 Hominem
670 1437 815 1456 com-mon-

310 1468 438 1498 strarier
492 1467 535 1496 mi
586 1467 680 1496 istum
736 1465 815 1495 volo.

313 1507 438 1536 Phorm.
454 1506 486 1535 ii.
505 1505 532 1542 1,
547 1505 594 1537 75.

354 1544 598 1584 Commorientes]
623 1544 700 1573 Eam
730 1543 818 1574 Com-

312 1586 467 1614 morientes
488 1584 617 1613 Plautua
641 1583 713 1613 fecit
732 1583 818 1613 fabu-

312 1624 384 1654 lam.
410 1623 542 1662 Adelph.
558 1622 642 1652 Prol.
658 1621 684 1654 7.

352 1665 529 1698 commoror]
555 1662 640 1699 Quid
667 1660 733 1690 illic
755 1665 817 1690 tam

312 1703 365 1732 diu
414 1711 524 1741 quaeso
571 1699 819 1730 commorabare?

317 1741 443 1772 Phorm.
460 1741 500 1770 iv.
518 1740 545 1777 1,
560 1740 588 1774 7.

355 1779 533 1818 commoveo]
564 1779 672 1817 Neque
694 1788 817 1808 commo·

313 1823 397 1849 vetur
419 1820 538 1848 animus
559 1819 591 1847 in
605 1828 640 1847 ea
654 1828 687 1847 re
705 1822 817 1847 tamen.

316 1859 399 1889 And.
427 1859 447 1888 i.
481 1857 507 1893 l,
530 1857 577 1890 67.
620 1857 819 1893 Commoveat,

314 1908 413 1937 neque
434 1901 627 1927 commoneat
647 1901 683 1925 ut
703 1906 820 1925 servem

317 1938 418 1967 fidem.
444 1936 526 1966 And.
547 1937 567 1966 i.
591 1935 620 1971 5,
642 1935 688 1964 45.
733 1934 820 1965 Com-

316 1977 403 2005 movi.
428 1976 508 2004 And.
524 1975 556 2004 ii.
573 1974 601 2011 6,
616 1974 664 2004 25.
693 1974 819 2003 Phorm.

317 2016 337 2045 i.
359 2014 389 2051 2,
410 2014 457 2044 51.
500 2014 573 2044 Jam
596 2019 626 2043 te
646 2016 821 2043 commotum

317 2055 451 2084 reddam.
475 2053 556 2082 And.
572 2063 600 2082 v.
615 2052 646 2088 2,
660 2052 707 2083 23.
742 2052 822 2081 Dor—

318 2094 439 2122 miunt:
464 2102 517 2130 ego
540 2091 588 2130 pol
610 2092 683 2121 istos
696 2101 822 2120 commo-

316 2131 393 2161 vebo.
423 2131 535 2160 Heaut.
559 2132 598 2160 iv.
621 2131 649 2167 4,
674 2130 700 2160 8.
744 2130 824 2160 Ani-

319 2181 387 2199 mus
398 2173 556 2199 commotus
567 2173 610 2198 est
622 2173 714 2197 metu.
740 2169 822 2198 And.

319 2219 347 2238 v.
371 2209 400 2245 4,
430 2208 476 2237 34.
519 2207 555 2236 In
583 2207 639 2235 hac
666 2211 825 2236 commotus

321 2257 398 2277 sum.
430 2246 511 2276 Eun.
528 2246 570 2275 iii.
593 2245 622 2282 5,
638 2245 683 2275 19.
727 2245 824 2281 Quid-

319 2296 392 2315 nam
432 2285 487 2314 ille
520 2287 680 2313 commotus
713 2284 825 2313 venit?

320 2325 448 2354 Phorm.
477 2324 498 2353 i.
525 2323 555 2359 4,
582 2322 610 2352 5.
653 2322 825 2352 Commorat

323 2373 427 2394 omnes
441 2372 505 2392 nos.
529 2361 652 2390 Phorm.
669 2363 688 2390 i.
705 2360 734 2398 2,
749 2361 798 2391 51.

360 2400 554 2439 communico]
596 2401 706 2430 Nonne
743 2401 826 2438 prius

320 2441 567 2480 communicatum
576 2439 730 2478 oportuit?
742 2439 824 2468 And.

324 2482 344 2511 i.
359 2481 389 2517 5,
404 2480 433 2509 4.

361 2517 536 2556 communis]
573 2517 610 2546 ld
643 2526 696 2545 oro
729 2521 759 2545 te
794 2517 825 2545 in

322 2567 472 2588 commune
496 2561 532 2586 ut
553 2555 700 2585 consulas.
743 2555 823 2585 And.

324 2599 368 2627 iii.
404 2597 432 2633 3,
469 2595 516 2626 16.
566 2595 749 2632 Quenquam
787 2604 826 2623 ne

323 2638 426 2667 animo
442 2641 505 2665 tam
523 2634 671 2664 communi
690 2643 753 2662 esse
774 2637 826 2662 aut

324 2676 387 2706 leni
409 2679 506 2714 putas.
542 2673 659 2702 Heaut.
679 2682 708 2702 V.
730 2671 757 2705 l,
779 2671 824 2701 39.

324 2715 480 2746 Pernicies
516 2711 677 2742 communis
713 2710 827 2740 adoles-

324 2755 469 2784 centium.
501 2751 633 2790 Adelph.
661 2750 693 2780 ii.
725 2749 751 2786 1,
780 2749 825 2779 34.

325 2792 497 2825 Communis
506 2789 676 2828 corruptela
688 2793 827 2818 nostrum

324 2831 467 2862 liberum.
512 2828 642 2868 Adelph.
677 2838 705 2857 V.
743 2827 770 2863 3,
798 2828 826 2859 7.

326 2871 503 2902 Communia
517 2879 580 2899 esse
600 2868 768 2897 amicorum
783 2867 827 2895 in-

326 2915 372 2940 ter
393 2920 423 2942 se
446 2909 558 2938 omnia.
587 2905 717 2945 Adelph.
743 2916 768 2934 V.
799 2905 827 2942 3,

327 2949 373 2979 18.
397 2949 677 2978 Vitiumcommune
687 2944 827 2974 omnium

325 2994 379 3017 cst.
412 2987 541 3026 Adelph.
563 2996 591 3015 v.
607 2985 636 3018 8,
651 2983 697 3013 30.
741 2983 827 3013 Com-

325 3029 428 3059 munia
443 3026 579 3057 omnium
601 3033 678 3063 quae
693 3026 765 3052 sunt
777 3032 828 3060 pa-

849 378 939 404 trum.
976 373 1054 403 Hoc.
1080 374 1098 402 i.
1122 372 1152 407 2,
1174 371 1222 402 42.

850 414 951 441 munia
971 422 1035 442 csse
1056 411 1137 442 haec.
1169 411 1293 441 Phorm.
1319 411 1351 440 ii.

851 451 878 488 1,
896 451 939 481 15.

859 1076 1023 1107 comoediis.

859 1155 1042 1184 comoediam
1071 1154 1189 1183 Gmeci.

1002 259 1200 303 INDEX

1266 371 1353 403 cam-

889 489 1046 528 commuto]
1075 489 1242 528 Nunquam
1265 489 1355 518 hodie

850 534 952 558 tecum
971 532 1219 558 commutaturum
1240 534 1353 567 pati-em

852 579 950 597 unum
971 578 1035 597 csse
1056 568 1194 597 verbum.

852 608 880 644 4,
896 610 924 642 7.
968 607 1123 637 Commuto
1137 606 1250 636 locum.
1273 606 1354 635 Eun.

853 657 881 677 v.
903 645 932 683 5,
948 646 974 676 3.
1019 646 1091 675 Tria
1112 656 1174 675 non
1195 649 1356 675 commuta-

852 686 918 714 bitis
942 684 1032 715 verba
1059 685 1150 714 hodie
1185 685 1267 714 inter
1293 694 1355 713 vos.

855 725 979 754 Phorm.
996 725 1039 753 iv,
1055 724 1083 760 3,
1099 723 1146 754 33.

1225 568 1307 596 And.
1322 568 1352 596 ii.

894 763 1062 801 comoedia]
1094 763 1178 799 Quas
1203 763 1295 791 faciet
1322 762 1358 791 de

856 803 971 841 integra
983 802 1154 832 comoedias.
1180 802 1261 831 And.
1275 800 1357 831 Prol.

855 841 903 871 26.
947 842 996 870 Ex
1024 841 1143 879 integra
1169 841 1286 870 Graeca
1312 841 1358 869 in-

857 886 968 920 tegram
985 881 1164 910 comoediam
1179 880 1270 909 hodie
1291 889 1358 909 sum

856 926 988 950 acturus.
1006 919 1120 948 Heaut.
1134 918 1216 949 Prol.
1229 919 1256 948 4.
1283 918 1361 957 Syn—

858 959 1109 998 apothnescontes
1149 957 1270 997 Diphili
1315 967 1362 987 co-

859 998 976 1028 moedia
998 1003 1052 1027 est.
1079 996 1211 1035 Adelph.
1235 996 1318 1026 Prol.
1333 996 1361 1026 6.

861 1038 966 1067 Placet
986 1047 1049 1066 non
1070 1037 1136 1066 fieri
1156 1037 1261 1065 itidem
1277 1040 1312 1065 ut
1331 1036 1363 1064 in

1081 1075 1156 1105 Hec.
1191 1086 1219 1104 V.
1254 1075 1283 1111 4,
1314 1074 1363 1103 26.

862 1116 1136 1154 Epidicazomenon
1153 1117 1366 1182 q'uamPiiocant

1275 1162 1363 1182 iorm.

863 1193 946 1223 Ptol.
962 1193 1010 1223 26.

900 1231 1069 1270 comparco]
1092 1231 1187 1261 Suum
1203 1231 1367 1260 defrudans

882 1272 987 1300 eninm
1047 1271 1207 1308 comparsit
1265 1271 1365 1300 miser.

894 1311 992 1340 horm.
1008 1310 1028 1339 i.
1046 1309 1073 1347 1,
1090 1309 1136 1339 10.

903 1348 1058 1387 comparo]
1089 1348 1138 1378 Ex
1166 1348 1368 1378 incommodis

865 1388 991 1418 alterius
1031 1398 1085 1417 sua
1124 1391 1159 1417 ut
1198 1390 1370 1426 comparent

866 1427 1033 1457 commoda.
1057 1427 1137 1456 And.
1153 1425 1274 1464 iv.1‚4.
1317 1426 1368 1455 An

888 1468 967 1495 otius
1007 1467 1049 1495 ita
1093 1475 1143 1495 me
1190 1474 1367 1504 comparem.

866 1477 950 1534 Iliun.
974 1506 994 1534 i.
1019 1503 1045 1541 1,
1070 1503 1098 1534 2.
1141 1504 1231 1540 Quod
1254 1505 1369 1534 donum

868 1544 939 1574 huic
966 1544 1046 1573 dono
1073 1549 1177 1572 contra
1209 1545 1368 1581 comparet.

870 1583 951 1613 Eun.
975 1583 1007 1612 ii.
1036 1582 1062 1620 3,
1085 1582 1131 1612 64.
1177 1582 1224 1612 Ne
1251 1591 1371 1620 compa-

870 1622 984 1651 randus
1004 1621 1054 1650 hic
1075 1621 1197 1660 quidem
1222 1622 1259 1650 ad
1280 1620 1371 1650 illum

870 1666 924 1691 est.
955 1661 1036 1690 Eun.
1059 1660 1098 1690 iv.
1124 1661 1153 1697 4,
1168 1659 1225 1690 ⁷14.
1269 1660 1313 1690 Ut
1335 1669 1372 1689 ex

871 1700 958 1730 illius
982 1700 1142 1729 commodo
1165 1709 1268 1729 meum
1295 1708 1372 1728 com-

866 1749 1013 1778 pararem
1027 1738 1232 1768 commodum.
1259 1738 1371 1768 Heaut.

870 1780 902 1808 ii.
932 1779 960 1814 4,
990 1777 1035 1810 17.
1087 1778 1174 1814 Quae
1202 1787 1275 1823 opus
1302 1782 1373 1807 sunt

870 1815 1374 1894 5‘5;”0'3‘5‚3';{;.J.¹.22¹2}..¹32‚.35.323

870 1901 1011 1925 naturam
1053 1896 1203 1925 omnium.
1258 1895 1373 1924 Heaut.

870 1935 915 1965 iii.
947 1933 973 1970 1,
1002 1933 1049 1963 94.
1108 1934 1276 1972 Nunquam
1310 1933 1375 1963 vidi

871 1974 1008 2012 iniquius
1035 1974 1230 2002 certationem
1258 1982 1375 2011 compa-

870 2016 980 2042 ratam.
1034 2011 1166 2051 Adelph.
1202 2013 1235 2042 ii.
1276 2011 1306 2048 2,
1347 2012 1374 2040 4.

871 2052 973 2088 Quam
987 2051 1093 2090 inique
1106 2054 1311 2089 comparatum
1322 2055 1377 2080 est.

874 2090 998 2120 Phorm.
1016 2091 1035 2120 i.
1053 2089 1080 2127 l,
1095 2090 1124 2124 7.

912 2129 1076 2167 compedes]
1112 2129 1279 2158 Habendae
1301 2138 1378 2157 com-

869 2168 968 2206 pedes.
992 2167 1116 2212 Ph‘orm.
1134 2168 1164 2207 ii.
1182 2166 1209 2203 1,
1226 2166 1271 2196 19.
1345 2204 1351 2211 .

873 2216 1078 2274 bazorltltffitltxa
1089 2205 1378 2282 figffllfflffggl'pqeffi:

875 2293 966 2321 quam
982 2283 1120 2311 attinere.
1154 2283 1233 2311 And.
1250 2283 1268 2311 i.
1287 2282 1314 2318 1,
1328 2281 1374 2311 63.

877 2322 925 2351 De
937 2331 1038 2350 amore
1048 2321 1104 2350 hoc
1118 2321 1268 2359 comperit.
1295 2322 1376 2350 And.

876 2361 896 2390 i.
913 2360 941 2396 3,
957 2360 984 2389 6.
1028 2360 1113 2389 Dum
1135 2370 1173 2389 ne
1194 2360 1230 2388 ab
1252 2359 1308 2389 hoc
1329 2370 1378 2389 me

875 2398 942 2428 falli
969 2398 1147 2436 comperiar.
1182 2399 1263 2428 And.
1294 2409 1320 2428 v.
1351 2398 1378 2435 3,

877 2437 923 2468 31.
980 2438 1024 2467 At
1048 2438 1078 2466 ui
1120 2442 1202 2466 certo
1238 2438 1376 2476 comperi.

877 2477 957 2506 Eun.
987 2486 1015 2506 V.
1061 2499 1068 2512 ,
1091 2476 1118 2505 9.
1161 2476 1223 2505 Ubi
1250 2477 1381 2513 comperi

876 2525 914 2545 ex
930 2515 976 2544 iis.
1007 2515 1119 2544 Heaut.
1136 2516 1158 2544 i.
1176 2515 1201 2552 l,
1217 2515 1264 2545 69.
1301 2516 1378 2545 Hec.

877 2564 904 2584 v.
919 2553 944 2588 1,
955 2553 1010 2588 36,
1032 2564 1060 2583 v.
1076 2553 1104 2588 2,
1122 2553 1166 2583 13.
1211 2554 1334 2584 Phorm.
1350 2565 1377 2584 V.

878 2592 906 2630 3,
923 2591 967 2622 18.
991 2593 1072 2622 And.
1089 2593 1108 2622 i.
1126 2592 1153 2625 l.
1170 2592 1235 2623 118.

915 2630 1092 2670 complacet]
1130 2632 1297 2671 Postquam
1330 2643 1379 2661 me

877 2680 977 2700 amare
1010 2670 1085 2705 dixi,
1119 2671 1295 2710 complacita
1335 2677 1379 2700 est

879 2710 947 2739 tibi.
990 2709 1070 2738 And.
1094 2709 1134 2739 iv.
1161 2709 1186 2745 1,
1207 2710 1255 2739 21.
1303 2710 1380 2749 Ejus

878 2749 934 2777 sibi
985 2747 1191 2786 complacitam
1241 2750 1378 2779 soimam.

880 2787 993 2817 Heaut.
1010 2787 1051 2815 iv.
1068 2786 1097 2823 5,
1112 2786 1160 2817 24.

917 2824 1103 2864 complector]
1119 2826 1255 2856 Mediam
1270 2826 1380 2856 mulie-

879 2875 944 2933 ἷοοῐὲι
963 2864 1173 2902 complectitur.
1200 2866 1281 2895 And.
1307 2866 1326 2895 i.
1354 2866 1380 2902 l,

917 2941 1093 2980 complures]
1115 2941 1224 2972 Emtae
1238 2943 1383 2972 mulieres

878 2980 1076 3051 {chr-raplgggbs
1099 2981 1188 3058 0322]
1196 2982 1262 3051 alies
1281 2982 1382 3051 hlaibe}

1405 724 1535 762 positum
1559 733 1735 762 quicquam.

1409 764 1437 800 4,
1468 762 1512 792 13.

1404 372 1518 402 Heaut.
1534 373 1554 402 i.
1566 371 1593 408 l,
1607 370 1653 402 13.
1689 371 1750 402 Ubi
1765 369 1832 402 illic
1845 371 1909 402 dics

1403 416 1449 440 est
1461 411 1633 450 complures.
1672 410 1749 440 Hee.
1760 411 1780 440 i.
1794 409 1824 447 2,
1841 409 1909 440 110.

1405 450 1579 488 Complures
1590 473 1596 480 .
1609 473 1615 479 .
1626 473 1632 479 .
1643 460 1771 479 menses.
1785 449 1908 480 Phorm-

1406 490 1447 519 iii.
1471 489 1500 526 2,
1522 489 1568 519 35.
1619 489 1707 518 Nova
1732 487 1908 528 compluria.

1407 528 1532 558 Phorm.
1549 529 1590 558 iV.
1607 528 1635 564 3,
1650 528 1679 558 6.

1445 566 1660 606 complusculis]
1700 566 1806 596 Primo
1845 566 1911 596 dics

1406 606 1615 644 complusculos
1626 606 1701 636 bene
1712 605 1911 635 conveniebat

1407 647 1488 675 inter
1501 656 1557 675 eas.
1582 645 1659 675 Hec.
1676 645 1695 674 i.
1710 643 1821 683 2,102.
1875 656 1878 658 ’

1446 685 1602 723 compono]
1636 684 1701 713 Nee
1721 693 1770 713 ma
1791 684 1815 712 ‘s
1834 692 1912 713 com-

1806 732 1858 752 un.
1882 731 1910 752 V.

1570 763 1630 792 Res
1663 761 1823 800 composita
1855 765 1912 791 est.

1412 801 1543 840 Adelph.
1567 802 1608 831 iv.
1626 801 1657 838 7,
1680 800 1726 833 17.
1769 800 1840 831 C'om
1882 800 1916 830 ni

1410 846 1506 880 potest
1520 842 1602 870 inter
1620 851 1670 870 eas
1690 841 1794 878 gratia.
1870 849 1913 869 ec.

1410 881 1452 910 iii.
1475 880 1505 917 5,
1518 879 1566 909 29.
1609 879 1759 918 Compone
1801 888 1856 908 une
1870 883 1914 908 te-

1412 929 1482 949 cum
1497 918 1590 948 simul
1602 919 1745 948 ferantur.
1815 927 1856 948 ec.
1873 917 1914 947 iv.

1413 958 1441 995 3,
1464 958 1491 987 5.
1535 958 1621 987 Inter
1639 967 1694 987 non
1718 957 1792 986 haec
1814 957 1915 996 potius

1413 1007 1481 1027 cum
1523 997 1602 1026 bona
1635 1001 1670 1026 ut
1701 998 1918 1035 componantur

1434 1037 1508 1066 ratio.
1558 1046 1649 1075 quam
1703 1045 1774 1064 cum
1825 1033 1916 1065 mola.

1443 1075 1540 1104 hot-m.
1556 1076 1595 1104 iv.
1613 1075 1642 1111 3,
1658 1073 1703 1106 17.

1453 1114 1582 1152 compos]
1611 1113 1676 1143 Vix
1701 1123 1769 1143 sum
1799 1122 1920 1152 compos

1415 1154 1520 1183 animi.
1546 1152 1676 1192 Adelph.
1693 1153 1736 1182 iii.
1752 1152 1782 1189 2,
1799 1151 1844 1182 12.

1454 1193 1623 1230 composito]
1658 1191 1826 1229 Composito
1859 1191 1920 1220 fac-

1418 1237 1484 1261 tum
1500 1236 1553 1260 est.
1577 1231 1701 1260 Phorm.
1717 1240 1746 1259 V.
1765 1229 1792 1266 1,
1805 1229 1854 1260 29.

1455 1269 1630 1309 compoti-131¹]
1657 1269 1739 1305 Quia
1757 1268 1922 1308 compotrix

1418 1309 1486 1348 ejus
1499 1314 1553 1338 est.
1577 1309 1658 1338 And.
1675 1309 1694 1337 i.
1709 1310 1739 1345 4,
1754 1307 1782 1338 5.

1450 1348 1639 1387 comprecor]
1679 1347 1763 1377 Deos
1791 1343 1931 1385 compre-⁴

1419 1397 1496 1417 care.
1549 1388 1596 1416 Tu
1614 1387 1717 1426 potius
1739 1386 1822 1416 Deos
1843 1395 1922 1415 come

1415 1436 1553 1465 precare.
1571 1425 1703 1465 Adelph.
1718 1426 1758 1455 iv.
1775 1424 1804 1462 5,
1813 1424 1862 1462 65,
1873 1423 1921 1456 70.

1458 1464 1683 1504 comprehendo]
1710 1463 1928 1503 Comprehendi

1418 1505 1503 1544 jube,
1525 1509 1676 1542 quantum
1703 1507 1811 1542 potest.
1839 1502 1922 1532 Eun.

1421 1554 1448 1573 v.
1474 1543 1500 1580 l,
1521 1543 1568 1573 20.
1611 1543 1705 1572 Hunc
1744 1552 1778 1572 ro
1798 1542 1927 1572 moecho

1421 1588 1524 1622 postea
1542 1581 1712 1621 compi-elien
1750 1591 1782 1610 re
1803 1586 1835 1611 et
1854 1591 1926 1611 cou-

1423 1622 1582 1652 strinxere.
1625 1620 1705 1651 Eun.
1722 1631 1750 1651 V.
1765 1620 1794 1658 5,
1808 1620 1857 1650 23.

1463 1660 1658 1699 compressus]
1699 1659 1792 1698 Virgo
1822 1668 1862 1689 ex
1889 1669 1925 1689 eo

1423 1699 1739 1768 ῗΐφῖνίεεπάὲἑιιέἱὲα
1764 1699 1844 1728 facta
1869 1703 1924 1728 est.

1479 1749 1495 1768 e
1551 1748 1619 1768 .1n.
1718 1761 1726 1768 .

1463 1749 1637 1816 conllprimo]
1655 1761 1710 1806 'At
1738 1782 1772 1806 tu
1794 1775 1845 1816 pol
1869 1776 1927 1806 tibi

1427 1817 1497 1846 istas
1538 1818 1640 1846 osthac
1657 1816 1845 1854 conlprimito
1863 1825 1927 1845 ma·

1427 1865 1492 1885 nus.
1544 1859 1622 1885 eaut.
1638 1855 1682 1884 iii.
1700 1854 1730 1891 3,
1745 1854 1793 1884 29.
1821 1855 1927 1892 Quum

1425 1904 1486 1924 com
1510 1904 1592 1939 ressa
1603 1899 1649 1961 feet
1660 1899 1757 1932 gnata.
1793 1893 1870 1939 ῌεο.
1886 1893 1927 1922 iv.

1426 1933 1928 2017 ¹pse110⁸⁶3³3¹

1428 2012 1576 2086 5¹31&
1581 2025 1583 2029 ’
1602 2010 1929 2079 033333312312333

1425 2090 1540 2128 pressit.
1563 2089 1687 2118 Phorm.
1704 2098 1732 2117 V.
1749 2087 1777 2123 8,
1792 2087 1838 2117 29.

1430 2167 1458 2195 ι).
1467 2127 1637 2195 compti-obv]
1662 2127 1852 2156 Beneficium
1849 2135 1930 2195 022:-

1451 2175 1848 2195 isinium...recomi
1919 2188 1928 2195 .

1430 2205 1512 2235 And.
1530 2215 1556 2235 V.
1575 2205 1601 2239 l,
1616 2204 1643 2234 5.
1813 2175 1838 2204 p

1466 2246 1598 2278 conatus]
1621 2243 1735 2282 Magno
1746 2243 1811 2282 jam
1824 2245 1931 2272 conatu

1429 2292 1550 2350 maglnag
1561 2293 1655 2321 nugas
1664 2283 1785 2312 dixerit.
1815 2281 1927 2311 Heaut.

1429 2331 1470 2350 ιν.
1507 2345 1514 2357 ,
1551 2345 1557 2350 .

1466 2359 1642 2398 concalesco]
1663 2359 1837 2390 concaluit.-
1856 2358 1931 2398 quid

1427 2400 1499 2428 vis?
1524 2399 1636 2429 Heaut.
1654 2400 1684 2428 ii.
1701 2398 1729 2434 3,
1747 2398 1811 2429 108.

1467 2438 1599 2474 concedo,
1628 2437 1756 2477 laryior]
1799 2435 1931 2474 Quando

1429 2487 1492 2506 sese
1512 2477 1668 2516 indignam
1692 2477 1817 2515 deputat
1840 2474 1931 2505 man-i

1430 2526 1498 2545 mea
1518 2526 1596 2555 quae
1616 2516 1763 2546 concedat.
1793 2515 1869 2545 Hee.
1885 2515 1929 2544 iii.

1429 2555 1458 2591 5,
1485 2554 1535 2589 27,
1563 2554 1611 2585 28.
1661 2555 1785 2584 Faciam
1811 2558 1847 2583 ut
1874 2553 1930 2584 tibi

1429 2594 1593 2623 concedam.
1649 2593 1743 2623 Haud
1783 2593 1840 2622 tibi
1874 2592 1931 2622 hoe

1429 2633 1560 2663 concedo.
1601 2631 1679 2662 Hec.
1707 2632 1739 2661 ii.
1767 2630 1798 2668 2,
1826 2631 1855 2667 3,
1884 2630 1931 2661 16.

1431 2671 1556 2701 Phorm.
1592 2671 1632 2700 iv.
1669 2671 1698 2708 4,
1724 2670 1773 2700 20.
1831 2670 1931 2700 Num-

1431 2721 1563 2748 quamne
1577 2709 1668 2739 hodie
1681 2709 1817 2739 concedes
1831 2709 1932 2738 mihi?

1432 2750 1555 2779 Phorm.
1572 2760 1600 2778 ν.
1617 2748 1645 2784 3,
1659 2748 1707 2777 22.

1469 2788 1602 2824 concedo,
1616 2787 1701 2826 abeo]
1725 2787 1859 2816 Biduum
1874 2786 1932 2816 sal-
1964 2813 1966 2816 ,

1430 2831 1493 2856 tem
1502 2831 1537 2856 ut
1546 2826 1686 2856 concedas
1694 2826 1803 2855 solum.
1826 2825 1934 2856 Conec-

1430 2866 1502 2895 dam
1529 2866 1600 2894 hinc
1627 2866 1717 2894 intro.
1747 2865 1828 2894 Eun.
1844 2865 1876 2894 ·i.
1902 2864 1933 2901 2,

1435 2904 1500 2941 102,
1537 2904 1601 2933 126.
1670 2903 1794 2933 Phorm.
1830 2913 1860 2933 V.
1903 2903 1933 2940 6,

1432 2943 1485 2978 513
1514 2943 1554 2972 iv.
1580 2943 1608 2975 4,
1633 2941 1678 2977 12,
1704 2943 1757 2972 &c.
1800 2941 1933 2972 Concede

1434 2982 1512 3050 {guo
1523 2981 1703 3049 Itinnululum.
1735 2981 1816 3010 Eun.
1819 2981 1880 3048 ἐν.
1903 2981 1933 3048 «t,

1473 3044 1479 3052 .
1558 3030 1596 3050 uc
1615 3029 1786 3050 concessero.
1853 3029 1910 3049 ean
1927 3040 1936 3049 .
