2020 3412
262 263 346 306 540

262 378 372 417 Neque
395 376 519 417 postilla
539 388 582 408 un
605 387 677 409 uam
699 378 769 409 atti-

258 418 314 456 9it.
337 417 463 447 Phorm.
480 428 508 448 V.
525 417 553 455 8,
567 417 587 447 2
609 442 616 449 .

303 456 420 494 attollo]
470 456 582 487 Attolle
629 457 766 496 pallium.

265 495 347 526 Eun.
363 496 402 525 iv.
418 495 447 530 6,
462 495 509 526 31.

264 538 354 604 Mau]
377 534 506 603 Diam?
519 545 550 580 es
571 536 769 603 q4uold2r050?

302 597 309 604 .
359 584 387 603 u.
452 584 560 603 n.1v.
597 598 604 609 ,
668 595 676 603 .
739 584 767 609 u,

262 614 394 643 obsecro.
417 612 496 642 Eun.
523 614 563 642 iv.
584 613 613 648 3,
638 612 682 642 14.
707 613 768 648 Au,

262 653 306 681 mi
325 652 417 681 homo
441 661 570 681 sanusne
595 653 651 682 es?
673 651 768 681 Adel-

263 691 314 730 ph.
330 692 374 721 iii.
390 690 419 727 2,
434 690 482 719 38.

229 731 249 735 ”
302 730 409 768 avare]
425 730 589 767 Nunquam
600 739 693 758 avare
704 739 769 767 pre-

264 769 344 799 tium
359 769 450 798 statui
466 769 522 797 arti
537 778 630 798 meae.
655 768 768 798 Heaut.

264 807 349 838 Prol.
364 807 412 836 48.

301 845 450 884 avaritia]
465 845 545 875 Vide
551 846 687 876 avaritia
696 846 770 885 quid

263 886 345 916 facit.
381 885 507 915 Phorm.
533 885 567 915 ii.
591 885 620 921 3,
649 884 693 915 ll.
736 885 769 915 Si

263 925 373 954 herum
394 923 592 956 ,insimulabis
625 924 769 960 avaritia,

264 964 344 994 male
358 964 470 993 audies.
494 963 618 993 Phorm.
634 964 667 993 ii.
681 963 708 999 3,
723 963 768 993 12.

263 1002 620 1087 liggffigiekrffiriiggg
630 1003 668 1071 aii
672 1002 771 1071 iiifiecxid:

263 1085 338 1110 trice
364 1091 464 1110 avara
497 1091 648 1119 Virgmem
678 1091 770 1120 quam

263 1121 392 1149 amabat.
417 1119 498 1150 Eun.
516 1130 542 1149 V.
554 1120 582 1157 4,
596 1119 622 1148 5.
645 1120 771 1149 Avarus

264 1159 344 1189 leno.
369 1159 481 1188 Heaut.
499 1158 580 1188 Prol.
597 1158 644 1188 39.

303 1198 422 1236 auctor]
436 1198 521 1234 Quos
532 1197 580 1227 hic
592 1202 694 1227 noster
700 1207 771 1227 auc-

264 1240 342 1266 tores
367 1236 467 1266 habet.
502 1237 583 1266 And.
614 1236 696 1266 Prol.
724 1236 768 1265 19.

266 1276 311 1305 Te
325 1279 443 1306 auctore
457 1276 538 1314 quod
561 1276 680 1305 fecisset
701 1276 771 1305 ado-

263 1315 388 1345 lescens.
413 1315 494 1344 Eun.
507 1325 535 1344 v.
548 1314 576 1349 6,
589 1314 632 1344 12.
655 1315 772 1344 Auctor

263 1354 313 1384 his
334 1355 423 1384 rebus
468 1355 512 1383 uis
537 1355 605 1383 est?
638 1353 770 1392 Adelph.

264 1393 304 1423 iv.
321 1393 350 1428 5,
365 1392 403 1424 37
406 1416 412 1422 .
474 1393 532 1422 nde
547 1393 619 1422 estis
639 1396 773 1422 audores

263 1432 366 1461 mihi?
388 1431 519 1465 Adelph.
536 1442 564 1461 v,
581 1431 609 1468 8,
627 1431 670 1461 16.

303 1469 482 1515 auctoritas]
507 1471 675 1509 Nunquam
686 1470 772 1500 defu-

264 1510 345 1548 giam
359 1513 574 1540 auctoruatem.
599 1509 679 1539 Eun.
694 1510 726 1539 ii.
744 1509 772 1545 3,

265 1549 312 1578 98.
346 1549 390 1578 Ut
403 1554 502 1578 vestra
515 1549 677 1578 auctoritas
687 1559 772 1578 meae

264 1588 439 1618 auctoritati
450 1588 565 1617 fautrix
575 1589 610 1617 ad
611 1588 773 1627 jutrixque

266 1627 315 1657 sit.
345 1627 423 1656 Hec.
440 1626 507 1656 Ait.
526 1626 607 1657 Prol.
623 1627 670 1656 40.

305 1666 482 1712 aucupium]
504 1666 578 1712 Hoc·
588 1676 703 1696 novum
726 1671 774 1696 est

265 1715 449 1783 auzsszaueaelpd]
460 1705 591 1774 {liiii-iiie
603 1704 708 1774 gdrhfin
728 1748 773 1774 est

267 1793 382 1852 23²⁸.
418 1785 550 1852 Eoei‘Em
557 1784 771 1852 Hssd‘issi‘ii'i'

267 1862 366 1900 tendit
393 1872 467 1897 esse,
494 1866 530 1891 ut
560 1867 605 1891 est
631 1862 771 1891 audacia.

269 1901 350 1931 Eun.
377 1901 420 1930 iii.
444 1900 474 1938 3,
499 1900 543 1930 19.
587 1901 614 1930 Ο
638 1901 773 1930 hominis

267 1940 478 1978 impudentem
503 1940 673 1970 audaciam.
707 1940 773 1969 He-

267 1984 330 2008 aut.
347 1979 378 2008 ii.
395 1978 423 2014 3,
439 1978 486 2011 72.
529 1979 704 2009 Jocularem
719 1989 773 2008 au-

266 2018 397 2048 daciam.
421 2017 545 2048 Phorm.
561 2019 579 2047 i.
591 2017 621 2055 2,
633 2018 679 2047 84.
694 2018 774 2047 Tan-

268 2062 338 2086 tane
352 2058 495 2086 affectum
511 2067 695 2096 quemquam
710 2067 773 2086 esse

267 2096 426 2163 homiggm
457 2096 612 2126 audacia?
647 2096 771 2126 Phorm.

267 2144 297 2164 V.
314 2135 332 2167 7
401 2157 407 2164 .

307 2157 466 2212 audacter]
501 2174 545 2203 Ut
572 2178 603 2202 te
630 2174 775 2202 audacter

268 2221 421 2240 momeam
435 2217 467 2241 et
487 2211 686 2241 familiariter.
710 2212 773 2241 He-

268 2255 331 2279 aut.
346 2251 365 2279 i.
385 2249 411 2286 l,
423 2250 450 2279 6.
485 2251 591 2279 Minus
606 2250 706 2279 multo
719 2260 774 2279 au·

268 2289 381 2325 dacter,
410 2299 482 2318 uam
496 2299 578 2318 nunc
591 2288 698 2326 laedit,
713 2288 773 2318 lae-

268 2328 361 2357 deret.
376 2327 401 2356 P
425 2327 591 2357 orm.Prol.
605 2327 649 2356 ll.
666 2327 775 2356 Auda-

267 2366 381 2396 cissime
417 2367 516 2396 oneris
557 2366 679 2404 quidvis
717 2367 774 2395 im-

289 2415 356 2473 ⁰¹23,
383 2410 414 2436 et
442 2406 529 2435 feret.
575 2405 701 2434 Phorm.
730 2406 772 2434 iii.

289 2467 298 2481 ‚
354 2467 361 2474 .

308 2482 425 2522 audax]
460 2483 487 2512 Ο
510 2483 626 2512 facinus
660 2482 773 2513 audaoe.

270 2522 354 2552 And.
370 2522 402 2552 ii.
428 2521 456 2558 3,
474 2521 522 2556 27.
566 2522 593 2551 O
618 2521 774 2550 hominem

268 2561 421 2591 audacem.
448 2560 530 2591 And.
543 2562 582 2589 iv.
597 2561 626 2596 4,
640 2559 685 2590 30.
710 2560 774 2589 Ho-

268 2601 336 2630 cine
350 2604 411 2630 tam
426 2600 531 2629 audax
544 2600 659 2628 facinus
677 2599 775 2628 facere

269 2649 334 2669 esse
358 2640 489 2668 ausum?
521 2638 601 2668 Eun.
627 2639 668 2667 iv.
690 2637 719 2674 3,
744 2637 772 2668 2.

270 2678 298 2708 O
329 2678 491 2708 scelestum
516 2681 607 2715 atque
631 2677 775 2706 audacem

271 2716 437 2746 hominem.
461 2716 541 2746 Eun.
553 2717 594 2746 iV.
607 2715 690 2753 4,42.
713 2716 775 2745 Ro-

269 2756 355 2794 gitas,
392 2755 611 2784 audacissime!
640 2755 720 2784 Eun.
746 2765 773 2785 V.

270 2795 300 2831 4,
314 2793 361 2824 26.
405 2794 467 2830 Qui
483 2798 545 2823 tam
560 2794 683 2823 audacis
705 2793 776 2823 faci-

270 2833 353 2901 nogis
367 2833 445 2862 mihi
460 2833 595 2862 conscius
609 2833 659 2862 sis.
683 2832 774 2863 Phor.

270 2872 292 2902 i.
331 2872 380 2905 .4.
686 2896 690 2901 .

310 2910 419 2948 audeo]
454 2910 568 2939 Hercle
605 2909 685 2939 nihil
711 2910 776 2949 jam

271 2949 399 2978 muttire
426 2949 531 2978 audeo.
563 2949 648 2979 And.
676 2949 721 2979 iii.
746 2948 775 2985 2,

269 2987 318 3017 25.
358 2988 428 3024 Qua
442 2988 552 3017 fiducia
566 2988 595 3016 id
609 2988 707 3017 facere
721 2998 775 3017 au-

270 3026 382 3057 deam?
404 3026 486 3057 And.
513 3027 557 3056 iii.
581 3026 610 3064 5,
634 3026 662 3059 7.
705 3027 776 3057 Non

972 263 1171 307 INDEX

819 378 927 408 ausim.
964 378 1043 408 Eun.
1073 388 1101 408 V.
1124 377 1154 415 2,
1177 377 1223 407 45.
1256 377 1326 414 Qua

819 418 945 447 audacia.
959 422 1080 446 tantum
1091 417 1210 446 facinus
1216 416 1325 446 audet?

820 456 900 486 Eun.
916 466 945 486 v.
957 457 986 492 4,
999 455 1046 486 37.
1070 455 1151 492 Non,
1164 456 1207 485 ita
1216 465 1266 485 me
1282 455 1324 484 Di

819 499 932 532 ament,
966 495 1091 524 auderet
1124 495 1221 524 facere
1251 494 1325 524 haee

820 534 927 563 viduae
955 533 1086 570 mulieri,
1115 543 1191 572 quae
1219 534 1249 562 in
1275 543 1325 563 me

819 573 902 602 fecit.
926 572 1038 602 Heaut.
1055 583 1082 602 V.
1101 572 1128 610 1,
1144 572 1190 602 80.
1223 573 1327 613 Quam

819 622 905 650 saepe
927 612 1005 641 forte
1030 617 1143 641 temere
1167 613 1323 645 eveniunt,

819 661 895 719 {pilae
934 661 1021 718 nonl
1037 651 1152 719 assuldeos
1198 652 1325 690 optare?

870 699 945 719 orm.
961 700 989 719 v.
1027 713 1034 726 ‚
1090 711 1099 720 .

858 729 963 767 audio]
1008 729 1135 765 Audivi,
1171 728 1325 768 Archylis,

817 767 1010 806 jamdudum.
1048 768 1130 798 And.
1171 768 1192 797 i.
1230 769 1258 803 4,
1298 767 1322 797 1.

823 806 971 836 Miseram
999 817 1059 843 me,
1087 807 1169 846 quod
1196 807 1324 837 verbum

819 845 935 876 audio?
958 846 1040 877 And.
1064 847 1083 876 i.
1106 845 1135 882 5,
1150 845 1178 875 5.
1222 846 1325 882 Quan-

821 890 888 914 tum
902 885 1004 915 audio.
1029 885 1111 915 And.
1126 885 1158 914 ii.
1174 884 1260 921 5,12.
1298 885 1325 914 Ο

820 924 952 962 Jupiter,
994 924 1070 963 quid
1111 934 1165 963 ego
1204 924 1326 954 audio?

822 962 905 993 And.
922 963 964 992 iii.
984 962 1011 1000 1,
1027 964 1053 996 7.
1080 963 1146 993 lrae
1160 968 1232 992 sunt
1247 963 1326 992 inter

821 1001 1003 1040 Glycerium
1042 1007 1072 1031 et
1103 1007 1239 1040 gnatum.
1287 1001 1323 1031 C.

820 1041 933 1071 Audio.
959 1042 1041 1071 And.
1056 1041 1099 1071 iii.
1117 1041 1144 1078 3,
1158 1040 1206 1071 20.
1229 1041 1325 1078 Quid-

820 1090 892 1109 nam
916 1080 1031 1110 audio?
1054 1081 1137 1110 And.
1163 1081 1208 1110 iii.
1231 1081 1261 1116 4,
1278 1079 1324 1109 13.

821 1119 894 1148 Jam
922 1120 1071 1149 susurrari
1099 1120 1200 1149 audio.
1243 1120 1323 1148 And.

821 1159 860 1187 iv.
877 1159 906 1193 4,
920 1158 967 1188 40.
1011 1158 1099 1187 Nihil
1117 1158 1218 1187 audio.
1242 1158 1323 1188 And.

820 1208 849 1227 v.
865 1197 894 1231 2,
909 1197 956 1226 22.
982 1198 1026 1226 At
1049 1207 1086 1226 ue
1099 1197 1220 1227 audin?
1242 1197 1323 1226 And.

823 1247 848 1265 V.
878 1235 907 1273 2,
934 1236 981 1265 24.
1090 1236 1177 1265 Davo
1209 1236 1324 1265 audivi.

822 1275 904 1305 And.
923 1275 955 1305 ii.
976 1274 1004 1311 1,
1026 1275 1054 1305 2.
1091 1275 1156 1313 Ego
1179 1275 1326 1305 audiam?

842 1315 894 1343 uid
916 1325 931 1343 e
953 1325 970 1343 o
984 1314 1134 1344 audiam?
1155 1315 1236 1344 And.
1253 1325 1282 1344 v.
1297 1314 1325 1349 3,

842 1353 869 1383 3.
912 1324 981 1382 [foc
1004 1354 1089 1384 audi.
1118 1354 1200 1383 And.
1226 1354 1271 1383 iii.
1296 1354 1324 1387 4.

823 1391 869 1420 11.
911 1392 992 1422 Vera.
1018 1402 1056 1421 an
1086 1392 1162 1422 falsa
1194 1393 1337 1422 audieris—

825 1431 884 1498 ’ἔξω
912 1431 1324 1509 {irritgodffiitdinmiiuivsig’

822 1509 905 1538 bant.
930 1509 1010 1538 And.
1033 1510 1077 1539 iii.
1101 1508 1129 1546 3,
1153 1509 1181 1539 2.
1224 1509 1326 1546 Quem

822 1558 876 1586 ego
890 1548 940 1578 hic
953 1548 1044 1577 audio
1057 1548 1070 1578 12
1103 1547 1184 1578 Eun.
1196 1559 1226 1578 v,
1238 1549 1267 1583 8,
1278 1547 1325 1578 30.

821 1587 928 1616 Audin
941 1592 986 1624 tu,
1001 1587 1051 1616 hic
1066 1588 1139 1626 quid
1158 1588 1223 1616 ait?
1245 1587 1324 1617 Eun.

822 1637 850 1655 V.
877 1626 906 1662 8,
929 1626 956 1658 7.
1001 1626 1087 1662 Quae
1113 1636 1185 1656 vera.
1210 1627 1326 1663 audivi,

823 1670 916 1695 taceo.
940 1665 1021 1695 Eun.
1049 1666 1069 1695 i.
1099 1665 1128 1701 2,
1158 1665 1207 1695 23.
1250 1665 1327 1695 Plus

822 1704 937 1734 millies
948 1705 1012 1743 jam
1021 1705 1137 1734 audivi.
1152 1704 1232 1735 Eun.
1242 1705 1286 1734 iii.
1300 1704 1326 1741 l,

824 1743 870 1773 32.
894 1743 984 1773 Prius
997 1744 1098 1773 audite
1109 1744 1221 1783 paucis.
1244 1743 1324 1773 Eun.

823 1793 851 1812 v.
867 1782 895 1818 8,
905 1782 953 1817 37.
996 1783 1088 1819 Cave,
1105 1793 1237 1822 unquam
1250 1783 1327 1812 istuc

825 1823 949 1851 verbum
962 1832 999 1851 ex
1012 1827 1042 1852 te
1055 1822 1188 1851 audiam.
1213 1822 1326 1852 Heaut.

823 1871 851 1890 v.
868 1862 897 1897 4,
912 1861 941 1891 8.
975 1860 1039 1899 Ego
1054 1871 1125 1890 vero
1139 1861 1232 1894 audio
1246 1871 1328 1890 nunc

824 1900 960 1936 demum,
990 1904 1021 1929 et
1059 1901 1128 1930 vivo
1164 1906 1195 1930 et
1230 1900 1326 1930 valeo.

825 1939 938 1969 Heaut.
954 1939 986 1968 ii.
1003 1939 1031 1975 3,
1047 1939 1073 1969 3.
1117 1939 1219 1975 Vulgo
1235 1939 1328 1968 audio

824 1979 890 2008 dici.
922 1978 1034 2008 Heaut.
1059 1979 1103 2008 iii.
1129 1978 1155 2014 1,
1181 1978 1226 2008 12.
1269 1978 1328 2007 Lo-

845 2027 926 2053 uere,
954 2017 1055 2047 audio.
1092 2017 1205 2047 Heaut.
1233 2018 1273 2046 iv.
1300 2017 1327 2052 3,

824 2028 871 2086 1¹6.
903 2056 985 2092 Quid
1013 2058 1092 2085 istuc
1115 2062 1170 2092 est,
1193 2057 1274 2095 quod
1299 2061 1328 2086 te

824 2095 916 2124 audio
950 2096 1051 2124 nescio
1092 2095 1167 2134 quid
1208 2105 1328 2125 concer-

824 2135 925 2163 tasse?
956 2134 1086 2172 Adelph.
1103 2135 1136 2163 ii.
1151 2134 1180 2170 2,
1196 2133 1224 2163 2.
1249 2134 1327 2163 Lau-

825 2173 924 2202 darier
937 2177 967 2202 te
975 2173 1063 2201 audit
1074 2172 1215 2201 libenter.
1233 2173 1324 2202 Adel-

824 2211 876 2249 phi
897 2211 936 2240 iv.
962 2210 988 2247 1,
1013 2211 1058 2240 19.
1100 2211 1249 2240 Nondum
1273 2221 1327 2240 au-

824 2250 903 2283 disti,
927 2250 1007 2288 quod
1032 2253 1078 2278 est
1124 2250 1325 2278 ravissimum.

827 2287 957 2326 Adelph.
974 2288 1014 2317 iii.
1031 2289 1059 2324 4,
1073 2259 1122 2318 218,
1165 2288 1224 2317 Pro
1239 2288 1328 2326 Jupi-

825 2326 890 2355 ter!
918 2326 1081 2356 clamorem
1109 2327 1224 2356 audivi.
1249 2327 1326 2357 Hec.

825 2366 867 2394 iii.
886 2364 912 2402 l,
931 2364 976 2397 37.
1018 2365 1144 2394 Audisti
1164 2376 1202 2395 ex
1225 2366 1328 2404 aliquo

825 2405 957 2433 fortasse.
982 2404 1058 2433 Hec.
1076 2405 1114 2432 iv.
1128 2403 1154 2440 1,
1166 2404 1213 2434 35.
1234 2406 1327 2440 Ades,

824 2443 901 2471 audi
923 2444 1034 2481 paucis.
1068 2443 1145 2472 Hec.
1170 2444 1212 2472 iii.
1235 2443 1264 2480 5,
1279 2444 1326 2474 60.

824 2481 984 2510 Audicisse
1007 2492 1110 2511 vocem
1134 2483 1218 2521 pueri
1246 2483 1328 2512 visus

825 2524 870 2549 est
893 2521 1049 2558 vagientis.
1082 2520 1158 2550 Hec.
1183 2522 1223 2551 iv.
1247 2521 1274 2558 l,
1297 2522 1328 2551 2.

827 2559 870 2588 Te
885 2559 983 2588 visum
998 2564 1051 2588 aut
1063 2560 1200 2589 auditum
1209 2560 1303 2590 velim
1315 2562 1330 2590 P

825 2597 949 2627 Phorm.
962 2599 993 2628 ii.
1007 2599 1035 2633 4,
1047 2598 1093 2628 85.
1118 2599 1201 2628 Male
1215 2600 1327 2629 audies.

826 2636 949 2666 Phorm.
967 2638 998 2666 ii.
1017 2637 1045 2673 3,
1063 2637 1107 2666 12.
1142 2638 1231 2667 Audi
1244 2639 1328 2668 obse-

824 2686 902 2743 cro.2
918 2675 957 2743 ll).
985 2676 1055 2705 Non
1078 2676 1178 2706 audio.
1203 2677 1326 2707 Phorm.

824 2724 867 2744 111.
904 2738 911 2750 ‚
947 2737 953 2744 .

863 2753 972 2792 avebo]
996 2753 1027 2782 Is
1056 2754 1140 2783 venit
1164 2759 1198 2784 ut
1226 2765 1328 2784 secum

824 2791 938 2822 avehat.
977 2792 1030 2821 AE.
1048 2792 1203 2830 Virginem
1226 2798 1262 2823 ut
1284 2804 1329 2823 se-

825 2830 1047 2899 ‹igmooaveltaffl
1075 2831 1206 2871 Adelph.
1232 2833 1272 2863 iv.
1299 2832 1328 2869 5,

864 2893 975 2947 ucello]
999 2908 1065 2937 Irae
1077 2914 1146 2937 sunt
1160 2909 1240 2939 inter
1251 2910 1328 2949 Gly-

826 2948 941 2977 cerium
955 2952 987 2976 et
995 2951 1122 2986 gnatum
1137 2948 1178 2977 ita
1192 2959 1327 2987 magnae,

827 2992 860 3016 ut
881 2996 894 3015 s
914 2996 995 3015 erem
1015 2996 1099 3025 posse
1122 2986 1219 3016 avelli.
1245 2989 1326 3018 And.

827 3026 867 3055 iii.
882 2996 919 3062 ,3,
941 3023 989 3055 21.
1032 3024 1131 3054 Credo
1155 3026 1183 3055 ei
1211 3025 1327 3064 placere

1374 376 1443 414 hoc,
1468 382 1566 416 sperat
1584 387 1616 408 se
1631 387 1650 408 s.
1671 386 1721 407 me
1742 376 1877 408 avellere.

1376 416 1455 446 Eun.
1478 417 1524 446 iii.
1540 416 1633 453 3,14.
1674 416 1709 446 Si
1733 417 1759 446 is
1780 422 1879 455 posset

1374 456 1412 484 ab
1426 465 1461 485 en.
1481 465 1544 485 sese
1563 456 1723 495 derepente
1741 455 1878 486 avellere.

1376 494 1452 524 Hec.
1468 496 1507 525 iv.
1526 494 1552 530 l,
1568 495 1615 525 39.

1413 533 1533 572 aufero]
1555 533 1618 563 Vos
1628 534 1719 563 istaec
1732 534 1812 563 intro
1825 542 1882 562 au-

1364 572 1467 610 ferte:
1488 573 1578 602 abitess
1602 573 1683 603 And.
1699 571 1758 608 i.l,
1773 571 1798 602 l.
1828 571 1882 601 In-

1375 611 1477 641 ultum
1518 621 1674 650 nunquam
1719 612 1750 641 id
1790 610 1879 651 (ιιι-[ε-

1375 654 1428 681 ret.
1452 650 1533 680 And.
1559 652 1604 680 iii.
1627 650 1657 687 5,
1676 650 1704 680 4.
1733 649 1879 688 ‘Propere

1375 700 1492 719 accerse
1533 690 1604 719 hinc
1645 690 1696 728 qui
1737 690 1879 728 auferant

1375 739 1451 758 eam.
1475 730 1556 759 And.
1572 739 1600 759 v.
1616 729 1645 765 6,
1663 728 1707 758 15.
1750 727 1879 758 Parasiti

1395 778 1533 797 ersonam
1547 769 1618 798 inde
1630 767 1763 797 obtectam
1777 771 1808 797 et
1821 767 1880 796 mi·

1388 807 1447 837 itis.
1472 806 1552 836 Eun.
1564 806 1646 837 Prol.
1659 806 1707 836 26.
1728 806 1879 845 Suspicor,

1375 845 1415 875 ali
1440 845 1493 875 uid
1520 847 1610 876 domo
1637 846 1801 876 abeuntem
1828 844 1880 874 ab·

1374 889 1399 914 st
1431 886 1494 915 isse.
1525 885 1606 916 Eun.
1628 885 1668 915 iv.
1692 885 1721 922 3,
1747 883 1793 914 19.
1836 883 1882 914 Ut

1375 934 1410 953 ea
1423 925 1473 953 via
1486 925 1540 954 abs
1554 930 1585 954 te
1598 928 1759 970 argentum
1775 922 1880 991 auffer-

1376 963 1482 994 retur?
1505 964 1617 994 Heaut.
1633 973 1673 993 ιν.
1685 962 1715 999 8,
1726 963 1754 992 9.
1834 961 1863 991 al

1374 1001 1438 1031 lem
1465 1001 1587 1042 auferre
1614 1003 1714 1041 potius
1740 1002 1772 1031 in
1795 1011 1880 1040 prae-

1375 1042 1481 1072 sentia.
1525 1041 1656 1080 Adelph.
1694 1041 1727 1070 ii.
1764 1039 1794 1076 2,
1831 1039 1876 1070 14.

1377 1080 1470 1110 Haud
1492 1081 1534 1110 sic
1557 1081 1702 1120 auferent.
1746 1078 1877 1117 Adelph.

1376 1119 1417 1150 iii.
1443 1120 1472 1155 4,
1500 1120 1527 1149 8.
1571 1119 1672 1149 Omne
1700 1119 1755 1148 hoc
1783 1122 1882 1148 mater

1374 1158 1497 1197 auferet.
1521 1158 1646 1189 Phorm.
1662 1159 1682 1188 i.
1695 1157 1721 1194 1,
1734 1157 1779 1187 15.
1802 1157 1881 1187 Nos-

1375 1202 1439 1227 met
1462 1198 1541 1237 ipsos
1560 1198 1658 1227 faeere
1681 1200 1807 1236 oportet.
1843 1196 1879 1226 P.

1374 1236 1476 1273 Aufer
1489 1238 1530 1266 mi
1548 1241 1676 1275 oportet.
1719 1235 1843 1265 Phorm.
1859 1236 1880 1264 i.

1375 1276 1403 1310 4,
1419 1276 1465 1305 45.
1510 1276 1571 1312 Qui
1586 1280 1617 1305 te
1637 1276 1674 1305 ad
1688 1274 1848 1314 scopulum
1862 1284 1880 1304 e

1375 1314 1543 1353 tranquillo
1570 1314 1698 1353 auferat.
1755 1313 1880 1343 Phorm.

1375 1354 1416 1383 iv.
1433 1354 1462 1389 4,
1477 1354 1504 1383 8.
1548 1354 1630 1390 Quin
1645 1360 1678 1383 tu
1699 1353 1773 1383 hino
1791 1351 1882 1392 polli-

1375 1393 1533 1422 citationes
1546 1392 1642 1432 aufer.
1666 1392 1791 1422 Phorm.
1806 1401 1836 1422 v.
1851 1390 1881 1428 6,

1378 1431 1422 1463 17.
1448 1432 1562 1461 Hicine
1573 1436 1608 1461 ut
1617 1442 1636 1461 a.
1645 1432 1732 1461 nobis
1745 1431 1802 1460 hoc
1814 1435 1882 1461 tsn-

1376 1475 1443 1542 tui?
1458 1481 1492 1538 υὲἷι·
1510 1472 1574 1500 enti
1591 1470 1734 1510 auferat?
1755 1470 1880 1500 Phorm.

1377 1520 1403 1539 V.
1442 1534 1449 1547 ,
1505 1532 1511 1539 .

1414 1549 1538 1588 aufiaeyio
1590 1549 1650 1578 Dic
1677 1549 1766 1584 mihi,
1793 1548 1884 1587 aufu-

1372 1588 1504 1626 9istine?
1551 1598 1600 1617 un.
1613 1598 1642 1618 v.
1653 1587 1683 1624 2,
1697 1587 1742 1617 12.
1767 1586 1882 1617 Hercle

1375 1626 1567 1696 ἓέζέθῗῖἷο
1584 1627 1685 1696 ¹33⁶?
1696 1637 1809 1695 13⁰²¹¹¹
1835 1636 1883 1656 ’θ’

1415 1689 1521 1744 audeo]
1542 1690 1611 1734 Iino
1621 1689 1696 1744 att-de
1709 1705 1804 1743 magis
1817 1714 1882 1734 sus·

1376 1744 1536 1782 picionem.
1591 1744 1672 1774 Eun.
1700 1744 1744 1773 iii.
1776 1742 1803 1779 l,
1829 1743 1878 1773 46.

1378 1783 1458 1821 Ergo
1466 1783 1558 1813 herus
1568 1783 1679 1812 damno
1689 1787 1742 1813 est.
1766 1782 1879 1812 Heaut.

1377 1823 1416 1852 iv.
1437 1822 1463 1858 l,
1481 1822 1526 1852 15.
1569 1822 1681 1852 Poetae
1700 1822 1737 1852 ad
1752 1822 1883 1851 scriben-

1377 1862 1479 1891 duma
1520 1862 1762 1891 eatindustrism.
1786 1860 1881 1890 Adel-

1378 1901 1425 1939 ph.
1443 1900 1503 1930 Pro
1519 1925 1524 1930 .
1540 1899 1587 1930 25.
1623 1900 1657 1930 Si
1679 1909 1816 1939 auyeam,
1827 1904 1881 1929 aut

1377 1940 1468 1969 etiam
1496 1940 1620 1979 adjutor
1645 1939 1703 1968 sim
1730 1939 1798 1978 ejus
1824 1940 1882 1968 ira-

1378 1979 1514 2008 cundiae.
1551 1978 1683 2018 Adelph.
1723 1979 1743 2008 i.
1772 1977 1802 2012 2,
1831 1977 1879 2007 65.

1380 2018 1508 2086 Morlbu5s
1521 2020 1571 2056 qui
1594 2020 1697 2047 auctus
1715 2018 1780 2047 siet.
1803 2017 1880 2046 Hec.

1378 2057 1421 2086 iii.
1459 2081 1466 2093 ‚
1501 2058 1528 2086 4.

1416 2095 1550 2134 auqesco]
1571 2095 1653 2124 Mihi
1666 2095 1792 2133 quidem
1806 2104 1882 2133 quo-

1378 2135 1453 2163 tidie
1476 2134 1604 2172 auyescit
1630 2133 1726 2178 magis
1751 2133 1788 2162 de
1816 2133 1881 2162 tilio

1377 2173 1542 2246 oezissssstss·
1557 2171 1784 2256 &suess
1800 2171 1882 2240 ¹5..-

1378 2255 1445 2279 tum
1459 2251 1495 2279 ad
1506 2260 1570 2279 rem
1585 2257 1630 2279 est
1643 2250 1772 2279 amdwr.
1786 2221 1878 2282 qELuu.

1377 2289 1398 2318 i.
1426 2289 1455 2325 2,
1482 2288 1530 2318 51.
1573 2288 1675 2325 Quam
1702 2288 1880 2318 inhonestae

1377 2327 1457 2358 solae
1472 2329 1532 2356 sint
1547 2328 1641 2365 domi,
1656 2333 1748 2366 atque
1770 2327 1879 2356 avidae

1377 2367 1446 2395 cibi.
1479 2366 1558 2396 Eun.
1585 2377 1612 2396 v.
1635 2367 1665 2403 4,
1691 2366 1735 2396 16.
1778 2366 1882 2396 Habet

1528 2406 1658 2473 uelngiam
1667 2405 1799 2435 avidum.
1815 2405 1881 2435 He-

1416 2484 1538 2522 aureus]
1574 2484 1696 2513 Misisse
1732 2483 1821 2513 aiunt
1846 2483 1879 2518 in

1377 2523 1528 2559 gremium
1569 2523 1699 2552 imbrem
1743 2531 1878 2552 aureum.

1380 2560 1459 2590 Eun.
1476 2562 1519 2591 iii.
1537 2561 1565 2597 5,
1580 2562 1627 2596 37.
1733 2559 1744 2566 ⁸

1417 2601 1515 2639 auris]
1537 2601 1646 2638 Arrige
1669 2609 1767 2636 aures,
1790 2599 1881 2629 Pam-

1378 2639 1471 2677 phile.
1494 2640 1575 2668 And.
1592 2650 1618 2669 V.
1634 2639 1663 2675 4,
1678 2639 1723 2668 30.
1758 2638 1880 2668 Orando

1378 2678 1482 2707 surdas
1512 2679 1571 2707 'am
1597 2687 1686 2707 aures
1707 2677 1880 2707 reddideras

1378 2717 1463 2746 mihi.
1534 2721 1614 2746 eant.
1642 2717 1674 2746 ii.
1700 2715 1729 2752 3,
1751 2716 1801 2746 89.
1841 2716 1879 2745 In

1378 2765 1481 2784 aurem
1496 2757 1643 2785 utramvis
1657 2756 1752 2784 otiose
1763 2760 1799 2784 ut
1813 2755 1881 2784 dor-

1378 2795 1464 2824 mias.
1488 2794 1601 2824 Heaut.
1617 2795 1647 2824 ii.
1663 2793 1692 2830 3,
1709 2793 1773 2824 101.
1817 2794 1880 2823 Ae-

1378 2833 1592 2900 cffiidfflssffv‘iffi
1612 2831 1880 2901 &utimini

1378 2910 1455 2939 mihi
1470 2911 1591 2939 accessit
1607 2918 1685 2939 tuus.
1709 2910 1785 2940 Hec.
1795 2910 1837 2939 iii.
1849 2909 1878 2946 5,

1378 2949 1424 2978 32.
1471 2949 1605 2978 Auribus
1637 2954 1725 2978 teneo
1759 2948 1877 2987 lupum.

1379 2988 1503 3017 Phorm.
1519 2988 1560 3016 iii.
1576 2987 1605 3024 2,
1620 2987 1667 3017 22.
1695 2988 1813 3017 Aurem
1825 2988 1878 3016 ad-

1377 3027 1469 3056 movi.
1494 3026 1617 3056 Phorm.
1634 3037 1661 3057 V.
1682 3027 1710 3063 6,
1729 3026 1778 3057 28.
1821 3026 1880 3056 Us-

1377 2412 1493 2444 patrem

1377 2449 1438 2473 aut.
1455 2445 1499 2474 iii.
