2020 3412
243 275 298 316 92

881 271 1227 316 EUNUOHUS.

360 388 502 430 Mater
522 387 597 431 ubi
618 386 793 443 aceepit,
816 387 956 443 eoepit
976 387 1162 430 studiose
1181 384 1327 428 omnia

360 455 537 505 Docere,
560 454 739 496 educare
759 452 822 494 ita
841 453 907 494 uti
927 452 964 494 si
984 456 1094 494 esset
1114 451 1216 493 filia.

361 520 558 562 Sororem
577 520 771 575 plerique
792 534 881 560 esse
902 518 1133 560 eredebant
1153 532 1306 559 meam.

362 587 458 642 Ego
479 602 577 628 cum
596 586 671 628 illo
693 586 868 641 quicum
886 589 981 626 tum
1000 599 1087 625 uno
1107 599 1200 626 rem
1219 584 1430 626 habebam
1448 582 1617 640 hospite

361 652 467 694 Abii
486 652 570 694 huo
588 667 598 703 3
630 651 705 707 qui
725 651 834 692 mihi
854 650 1031 706 reliquit
1050 650 1156 692 haee
1177 665 1286 706 quae
1306 650 1442 692 habeo
1463 649 1620 691 omnia.

1821 661 1868 691 40

362 718 441 760 Pa.
461 718 704 773 Utrumque
719 717 799 758 1100
815 716 971 758 falsum
987 721 1050 758 est
1066 732 1075 758 ε
1098 715 1253 757 effluet.
1287 715 1361 757 Th.
1379 715 1466 762 Qui
1479 715 1624 758 istuc?
1654 714 1735 757 Pa.
1755 714 1868 763 Quia

362 784 514 840 Neque
535 789 584 825 tu
602 799 688 824 uno
709 798 801 825 eras
822 787 1035 833 contenta,
1058 797 1197 838 neque
1218 782 1331 824 solus
1351 782 1498 834 dedit;

362 850 478 892 Nam
498 849 568 891 1110
589 864 756 905 quoque
776 849 933 890 bonam
953 863 1242 922 magnamque
1261 852 1431 903 partem
1450 815 1506 890 ad.
1524 852 1568 890 te
1589 847 1774 890 attulit.

368 916 441 957 Th.
475 915 545 956 Ita
566 920 652 957 est:
685 915 759 956 sed
779 914 871 956 sine
891 929 960 955 me
979 914 1205 970 pervenire
1226 929 1310 970 quo
1330 913 1439 956 volo.

364 982 538 1023 Interea
558 981 681 1023 miles
702 981 777 1037 qui
796 996 866 1022 me
887 995 1030 1022 amare
1050 985 1271 1036 occeperat

1822 991 1869 1023 45

364 1047 421 1089 In
443 1047 614 1089 Cariam
633 1052 697 1089 est
716 1047 931 1103 profectus
947 1062 955 1088 :
987 1050 1031 1088 te
1051 1046 1215 1088 interea
1234 1045 1318 1088 1001

365 1113 583 1169 Cognovi:
615 1118 707 1154 tute
728 1112 808 1154 8018
827 1112 1000 1168 postilla
1020 1127 1150 1168 quam
1169 1112 1387 1154 intumum

365 1178 562 1221 Habeam
581 1183 637 1229 te,
660 1183 703 1220 et
722 1193 818 1220 mea
841 1178 1020 1220 consilia
1039 1182 1088 1219 ut
1108 1178 1189 1220 tibi
1209 1178 1381 1219 credam
1400 1177 1556 1220 omnia.

364 1245 447 1286 Pla.
471 1244 539 1287 Ne
551 1244 632 1286 1100
645 1244 819 1300 quidem
831 1244 989 1286 tacebit
1002 1244 1226 1286 Parmeno.
1264 1244 1304 1285 T
1299 1247 1340 1286 h.
1363 1244 1445 1295 Oh,
1460 1244 1694 1287 dubiumne
1708 1243 1756 1286 id
1770 1248 1834 1287 est
1847 1245 1868 1287 ?

364 1310 462 1352 Hoc
483 1310 598 1366 agite
620 1311 781 1352 amabo.

363 1376 528 1432 Nuper.

844 1310 986 1351 Mater
1005 1325 1100 1351 mea
1120 1310 1210 1352 1Π10
1230 1315 1399 1352 mortua
1420 1315 1484 1352 est

590 1376 698 1432 Ejus
719 1376 852 1417 frater
873 1375 1143 1431 aliquantum
1163 1376 1217 1417 ad
1237 1391 1329 1417 rem
1349 1381 1413 1418 est
1433 1376 1610 1419 avidior.

1823 1322 1869 1353 50

366 1441 413 1483 Is
433 1442 544 1483 hano
565 1442 640 1484 ubi
660 1441 797 1483 forma
817 1441 936 1483 videt
955 1441 1134 1483 honesta
1154 1441 1383 1498 virginem,

365 1507 424 1548 Et
444 1507 599 1549 fidibus
620 1507 739 1557 seire,
761 1506 950 1562 pretium
970 1522 1143 1562 sperans
1164 1507 1263 1548 11100

365 1572 584 1623 Producit,
606 1573 767 1614 vendit.

295 1690 348 1720 46.
371 1690 502 1720 Interea
519 1688 597 1729 loci]
648 1690 656 1706 ‘
669 1688 774 1719 Locus
785 1688 793 1703 '
810 1689 837 1720 is
854 1689 1038 1720 sometimes

250 1733 330 1764 used
343 1733 503 1773 generally
514 1732 549 1762 111
563 1733 619 1763 the
632 1742 723 1763 sense
736 1733 771 1762 of
783 1735 791 1750 ⁴
803 1732 1036 1773 opportunity.’

253 1777 372 1808 Heaut.
389 1776 422 1806 ii.
443 1777 470 1806 l.
488 1777 508 1806 6
523 1788 530 1806 :
556 1776 632 1806 “Et
652 1777 864 1815 cognoscendi
881 1779 914 1806 et
929 1777 1037 1816 ignos-

250 1820 344 1851 cendi
367 1819 495 1850 dabitur
518 1819 639 1859 peccati
661 1818 786 1850 locus.’'
847 1819 969 1850 Andria
991 1819 1036 1850 iii.

250 1865 283 1894 4.
315 1865 378 1893 22:
415 1866 435 1880 “
447 1863 539 1894 Nihil
561 1866 612 1893 est
643 1863 729 1902 preci
761 1862 822 1893 loci
851 1862 1036 1893 relictum.”

250 1906 381 1937 Thence
407 1906 433 1936 it
457 1916 563 1937 comes
586 1909 620 1937 to
645 1906 686 1936 be
708 1906 786 1936 used
811 1906 844 1936 in
863 1906 918 1936 the
934 1906 1038 1936 literal

251 1959 344 1980 sense
359 1949 396 1980 of
415 1951 424 1966 ‘
434 1950 512 1980 time
523 1948 531 1962 '
547 1950 581 1979 in
598 1949 676 1980 such
697 1949 828 1989 phrases
844 1959 878 1979 as
896 1953 903 1966 ‘
916 1950 1039 1980 interea

250 1993 335 2031 loci,'
353 1993 432 2023 used
454 1993 521 2023 also
542 1992 584 2032 by
601 1993 743 2029 Plautus,
771 1993 975 2023 Menaechm.
992 1993 1036 2023 iii.

254 2037 283 2067 l.
319 2037 331 2067 1
347 2048 354 2066 ε
389 2036 552 2066 “Interea
577 2035 639 2066 loci
668 2045 834 2075 nunquam
866 2036 1038 2076 quicquam

251 2079 313 2110 feci
337 2079 428 2119 pejus
453 2089 549 2119 quam
573 2077 704 2109 hodie.’'
750 2078 909 2118 Compare
924 2079 957 2108 in
973 2079 1038 2109 this

251 2122 326 2163 play
341 2122 375 2152 ii.
393 2124 423 2152 2.
440 2124 494 2153 24.
541 2122 581 2151 In
599 2121 727 2158 Sallust,
743 2121 906 2161 Jugurtha
922 2122 974 2159 72,
991 2131 1038 2152 we

250 2165 328 2196 find.
350 2165 500 2205 “Neque
528 2167 603 2205 post
628 2165 661 2195 id
687 2165 829 2195 locorum
856 2164 1038 2203 Jugurthae

251 2208 319 2239 dies
334 2211 391 2238 aut
405 2218 469 2238 nox
485 2208 550 2238 ulla
565 2208 673 2248 quieta
687 2207 784 2245 fuit,''
802 2207 864 2237 and
881 2208 934 2244 63,
953 2210 972 2224 ‘⁴
986 2207 1037 2238 Ad

251 2250 285 2282 id
310 2250 489 2282 locorum.''
538 2251 681 2287 Plautus,
707 2251 867 2281 Poenulus
886 2250 908 2280 i.
929 2252 956 2281 1.
977 2252 1035 2281 16:

252 2297 273 2312 ‘⁸
281 2294 358 2325 Post
369 2294 402 2324 id
416 2294 558 2324 locorum
570 2297 607 2323 tu
618 2294 698 2323 mihi
709 2294 830 2324 amanti
840 2292 1036 2333 ignoscit0;'’

248 2337 316 2385 *and
330 2337 544 2368 Truculentus
558 2337 603 2367 iii.
623 2338 649 2367 l.
666 2337 705 2367 16
720 2348 727 2367 ε

264 2398 285 2416 “
295 2397 466 2428 Eradicare
481 2400 530 2427 est
545 2399 668 2427 certum
681 2406 753 2427 cum
766 2396 877 2436 primis
893 2399 1016 2437 patrem
1029 2408 1037 2435 ;

296 2441 376 2472 Post
389 2440 422 2471 id
437 2441 580 2471 locorum
597 2438 767 2470 matrem.’'

252 2509 341 2540 Both
357 2509 448 2540 these
462 2508 629 2548 meanings
650 2507 688 2538 of
707 2506 826 2538 ‘locus’
850 2507 932 2537 arise
954 2507 1038 2538 from

252 2553 295 2584 its
306 2552 435 2593 general
446 2562 538 2582 sense
547 2551 584 2582 of
594 2554 601 2568 ‘
609 2549 707 2582 state'
720 2560 756 2580 or
769 2553 776 2567 ‘
784 2551 1036 2581 circumstance.¹

297 2598 351 2629 49.
366 2595 429 2627 Th.
450 2596 508 2633 Oh,
523 2595 696 2626 dubiumne
711 2594 747 2624 id
762 2595 809 2624 est
820 2593 849 2633 ?]
875 2593 954 2623 This
966 2603 1038 2624 sen-

253 2642 346 2670 tenoe
362 2639 378 2670 I
395 2639 476 2670 have
490 2638 583 2678 given
598 2640 632 2668 to
647 2637 755 2668 Thais.
789 2636 822 2667 It.
836 2637 863 2666 is
878 2637 1039 2676 generally

253 2683 348 2723 given
369 2685 404 2713 to
421 2682 589 2718 Parmeno,
605 2680 677 2711 who
699 2680 726 2710 is
750 2679 911 2720 supposed
934 2682 968 2709 to
988 2689 1038 2709 as-

254 2729 327 2763 sent
341 2728 377 2757 to
392 2725 479 2757 what
494 2725 544 2756 his
560 2726 678 2755 master
693 2723 756 2754 had
772 2722 850 2753 said.
891 2722 956 2752 But
971 2722 997 2752 it
1012 2723 1039 2753 is

253 2769 351 2800 much
375 2779 463 2800 more
484 2767 611 2799 natural
632 2770 667 2797 to
689 2769 750 2807 put
772 2766 829 2796 the
845 2765 947 2796 words
970 2766 1038 2795 into

253 2811 364 2844 Thais'
379 2811 506 2849 mouth,
530 2821 565 2842 as
587 2820 629 2841 an
651 2809 836 2850 expression
852 2809 888 2839 of
900 2809 1039 2849 surprise

186 2858 187 2861 ’
253 2858 289 2887 at
305 2854 489 2887 Phaedria’s
505 2853 631 2896 speech.

299 2901 352 2930 50.
376 2899 453 2930 Hoc
469 2899 556 2938 ayite
572 2896 701 2937 amabo]
751 2895 856 2936 ‘Pray
874 2894 984 2925 attend
1005 2898 1039 2925 to

254 2953 318 2973 me.
322 2941 330 2956 '
376 2942 463 2973 For‘
475 2941 537 2972 hoc
558 2938 662 2981 agite’
678 2949 732 2971 see
753 2942 830 2970 note
852 2948 895 2969 on
917 2938 1040 2968 Andria

254 2985 276 3016 i.
293 2987 324 3016 2.
344 2986 394 3016 15.
417 2985 488 3016 The
499 2984 656 3025 phrases‘
667 2983 694 3014 si
710 2992 761 3013 me
775 2981 887 3020 amas‚’
905 2980 1039 3011 ‘amabo

255 3028 311 3066 te,’
326 3028 414 3059 and‘
428 3027 567 3066 amabo)
583 3037 638 3058 are
653 3035 802 3072 common
819 3024 920 3056 forms
935 3024 972 3055 of
983 3034 1039 3055 en-

830 1573 960 1615 Forte
980 1572 1153 1615 fortuna
1173 1572 1295 1614 affuit

1080 1691 1198 1728 treaty.
1238 1689 1281 1720 So
1296 1688 1330 1719 in
1346 1699 1375 1720 v.
1394 1690 1454 1726 70:
1480 1692 1500 1707 ‘⁴
1513 1689 1562 1728 Id,
1579 1690 1706 1728 amabo,
1722 1689 1868 1732 adjuta‚”

1081 1732 1145 1763 and
1162 1742 1237 1772 very
1252 1733 1434 1773 frequently
1449 1734 1483 1763 in
1498 1733 1651 1764 Terence.
1698 1734 1870 1776 Generally

1082 1775 1137 1806 the
1152 1776 1255 1806 words
1279 1786 1332 1806 are
1355 1776 1433 1806 used
1456 1777 1731 1818 parenthetically,
1753 1778 1812 1809 but
1834 1779 1870 1809 in

1081 1819 1126 1849 iii.
1163 1820 1194 1849 3.
1226 1820 1265 1851 31
1303 1829 1351 1850 we
1386 1819 1466 1850 have
1500 1830 1541 1850 an
1574 1823 1582 1838 ‘
1593 1820 1648 1851 ut'
1684 1821 1867 1862 following:

1083 1865 1103 1879 “
1116 1861 1242 1893 Amabo
1259 1866 1295 1892 ut
1309 1863 1385 1893 illuc
1401 1866 1543 1894 transeas
1557 1863 1614 1894 ubi
1630 1864 1686 1895 illa
1700 1864 1784 1895 est.”
1808 1865 1870 1896 See

1082 1909 1160 1936 note
1183 1915 1226 1936 on
1248 1906 1305 1936 the
1327 1916 1471 1946 passage,
1487 1907 1552 1937 and
1574 1917 1617 1938 on
1639 1918 1659 1938 0
1676 1907 1798 1939 similar
1811 1918 1870 1939 use

1083 1949 1120 1979 of
1132 1953 1140 1966 ⁴
1155 1959 1274 1989 quaeso
1285 1948 1294 1963 '
1309 1949 1343 1979 in
1359 1950 1402 1980 iii.
1419 1952 1451 1980 2.
1473 1952 1521 1981 13.

1126 1993 1179 2023 53.
1200 1993 1338 2023 Fidibus
1351 1993 1452 2033 scire]
1483 1993 1553 2023 The
1568 1993 1628 2024 full
1643 1994 1828 2035 expression
1841 1993 1870 2025 is

1084 2037 1092 2052 ⁴
1107 2035 1225 2066 fidibus
1241 2035 1378 2073 canere,'
1394 2046 1429 2067 as
1444 2037 1480 2066 iu
1496 2036 1618 2074 Cicero,
1634 2037 1729 2068 Tusc.
1744 2037 1868 2071 Quaest.

1081 2078 1103 2108 i.
1132 2079 1171 2108 2:
1209 2081 1228 2095 “
1242 2078 1347 2118 Igitur
1373 2082 1406 2109 et
1436 2079 1689 2119 Epaminondas,
1720 2081 1870 2121 prinoeps

1082 2131 1155 2151 meo
1167 2121 1289 2161 judicio
1307 2122 1469 2160 Graeciae,
1482 2122 1600 2153 fidibus
1616 2124 1777 2163 praeclare
1787 2124 1869 2154 ceci-

1081 2164 1168 2194 nisse
1198 2164 1350 2195 dicitur.”
1397 2165 1463 2195 But
1488 2175 1536 2196 we
1563 2166 1652 2196 often
1676 2170 1763 2197 meet
1792 2167 1871 2198 with

1082 2207 1263 2238 condensed
1286 2208 1487 2248 expressions
1511 2209 1590 2239 such
1614 2219 1649 2240 as
1671 2210 1736 2240 this
1758 2210 1793 2240 in
1813 2210 1870 2241 the

1082 2253 1161 2281 text.
1187 2250 1277 2281 Thus
1292 2251 1326 2281 in
1344 2251 1464 2289 Cicero,
1478 2252 1529 2282 De
1543 2252 1714 2283 Senectute
1729 2255 1766 2284 8:
1784 2256 1805 2271 “
1818 2254 1870 2286 Fi-

1083 2293 1177 2324 dibus
1201 2293 1359 2331 discere,”
1383 2295 1447 2325 and
1464 2295 1526 2335 Ep.
1543 2294 1595 2325 Ad
1621 2295 1710 2327 Fam.
1735 2296 1780 2327 ix.
1805 2298 1868 2328 22:

1085 2339 1105 2354 “
1118 2337 1249 2367 Fidibus
1265 2337 1413 2368 docere-’⁷
1444 2338 1530 2369 Such
1546 2338 1668 2378 singers
1683 2349 1766 2370 were
1780 2340 1871 2371 osten

1082 2380 1260 2420 purchased
1273 2391 1309 2411 01·
1318 2381 1420 2418 hired,
1431 2391 1465 2412 08
1474 2391 1521 2412 we
1531 2382 1618 2413 learn
1627 2382 1711 2413 from
1722 2382 1868 2422 Plautus,

1083 2424 1236 2464 Epidicus
1250 2424 1294 2455 iii.
1312 2426 1342 2455 4.
1360 2425 1422 2460 67:

1131 2484 1190 2514 Pe.
1224 2483 1310 2517 Quid
1340 2484 1399 2515 tibi
1429 2485 1539 2525 negoti
1575 2488 1626 2517 est
1662 2495 1753 2518 meae
1782 2486 1871 2518 domi

1170 2527 1292 2566 igitur?
1338 2528 1390 2558 Fi.
1414 2529 1557 2560 Audies:

1128 2569 1297 2601 Conducta
1311 2571 1395 2608 veni,
1411 2575 1448 2602 ut
1462 2572 1579 2602 fidibus
1595 2575 1756 2604 cantarem
1771 2573 1840 2605 seni

1128 2612 1217 2643 Dum
1232 2623 1301 2644 rem
1318 2614 1458 2645 divinam
1473 2615 1628 2646 faceret.’'

1127 2682 1181 2711 54.
1205 2681 1385 2722 Producit]
1414 2686 1421 2700 ⁵
1434 2683 1578 2722 Exposes
1603 2683 1653 2714 for
1674 2684 1749 2715 sale.
1753 2682 1762 2698 '
1808 2683 1869 2715 See

1085 2723 1204 2754 Heaut.
1226 2724 1245 2754 i.
1271 2726 1297 2755 l.
1316 2727 1377 2756 92:
1403 2726 1560 2757 “Omnes
1580 2727 1717 2766 produxi
1739 2737 1777 2758 00
1790 2737 1869 2758 ven-

1083 2766 1158 2796 didi.
1163 2766 1183 2780 ”
1215 2767 1299 2797 The
1289 2778 1321 2798 0
1336 2778 1390 2798 are
1405 2768 1462 2799 the
1477 2770 1552 2819 only
1569 2780 1718 2819 passages
1731 2770 1767 2800 in
1782 2771 1869 2812 early

1084 2809 1205 2839 writers
1220 2810 1326 2840 where
1341 2811 1397 2841 the
1409 2812 1516 2842 word
1507 2823 1534 2842 1s
1546 2813 1647 2843 used
1639 2823 1673 2843 1n
1687 2814 1752 2844 this
1764 2814 1868 2845 801180.

1085 2851 1117 2882 It
1133 2862 1243 2883 occurs
1259 2854 1352 2892 again
1368 2854 1401 2884 in
1419 2855 1603 2892 Suetonius,
1619 2856 1693 2887 Tib.
1710 2858 1763 2888 34.

1126 2895 1227 2926 Forte
1253 2897 1415 2937 fortuna]
1459 2898 1558 2929 ‘Fors
1584 2899 1734 2930 fortuna'
1759 2909 1824 2931 was
1849 2910 1870 2930 a

1083 2938 1220 2978 goddess
1235 2939 1343 2969 whose
1369 2941 1490 2980 temple
1513 2941 1715 2982 (attributed,
1739 2953 1775 2974 as
1797 2943 1870 2974 well

1083 2990 1118 3012 as
1133 2981 1206 3011 that
1220 2981 1255 3011 of
1268 2981 1359 3012 Bona
1375 2982 1528 3021 Fortuna,
1541 2988 1574 3016 to
1586 2985 1715 3016 Servius
1726 2985 1867 3026 Tunius)

1084 3024 1177 3055 stood
1192 3034 1235 3055 on
1251 3025 1307 3056 the
1321 3025 1408 3065 right
1423 3026 1510 3057 bank
1525 3028 1562 3058 of
1573 3028 1628 3059 the
1643 3028 1751 3060 Tiber.
1797 3029 1869 3060 Her
