2020 3412
297 266 383 309 636

294 379 326 409 ii.
342 379 371 416 2,
385 378 432 409 25.
476 379 564 409 Uxor
583 380 648 410 sine
665 380 735 410 dote
748 390 796 409 ve-

294 419 361 448 niet.
397 417 526 457 Adelph.
551 419 592 448 iv,
614 419 643 455 7,
662 418 709 449 41.
752 419 796 448 Ut

293 457 371 493 veni,
394 457 502 486 itidem
520 458 669 486 incertum
684 458 794 488 amisti.

295 495 372 525 Hec.
398 496 430 524 ii.
456 495 486 532 2,
513 496 540 525 9.
583 496 688 532 Imus;
715 497 795 525 veni-

293 542 379 569 mus,·
401 534 547 564 videmus.
575 534 698 564 Phorm.
724 535 743 564 i.
767 535 796 570 2,

294 571 340 601 53.
369 572 533 611 Postquam
547 573 583 601 ad
597 574 715 612 judices
728 583 795 602 ven-

294 614 356 639 tum
383 617 435 640 est.
479 611 603 640 Phorm.
630 612 662 641 ii.
694 611 719 647 l,
747 611 794 641 53.

295 648 375 678 Mihi
389 650 520 679 veniebat
534 650 565 678 in
582 654 714 679 mentem
730 650 797 688 ejus

294 689 491 718 incommodi.
515 689 637 718 Phorm.
654 689 693 718 iv.
707 689 735 723 3,
747 689 794 720 47.

295 725 356 756 Ubi
383 728 419 756 ad
449 736 557 756 uxores
590 730 706 755 ventum
741 732 795 758 est.

294 770 360 832 t2qm
376 766 456 794 fiunt
470 775 564 795 senes.
587 765 710 794 Phorm.
727 775 755 795 v.
768 765 796 802 8,

331 841 434 879 venor]
457 841 556 871 Canes
570 842 607 871 ad
618 842 794 871 venandum.

295 880 377 909 And.
394 881 413 909 i.
433 879 459 917 l,
474 879 520 910 30.

296 957 303 963 ¹
331 923 432 948 venter
481 919 603 958 Pugnos
622 919 654 948 iu
669 922 798 949 ventrem

294 957 596 1035 Ῑῃξῐξιθίὲιίαὲιοηὸᾆῑέ
613 958 798 1025 'ii025fiahel-

293 1033 358 1063 lum
383 1041 413 1063 et
433 1034 581 1064 ventulum
601 1035 671 1064 huic
692 1035 734 1064 sic
755 1036 796 1064 fa-

293 1073 363 1102 cito.
386 1073 467 1103 Eun.
483 1074 525 1103 iii.
542 1074 571 1110 5,
585 1074 634 1105 47.

340 1111 451 1150 Venus]
480 1111 554 1142 Sine
569 1112 680 1142 Cerere
700 1117 731 1142 et
746 1112 796 1142 Li-

293 1150 365 1217 ἓειὲο
390 1151 479 1189 friget
510 1151 611 1181 Venus.
650 1151 730 1180 Eun.
754 1152 795 1181 iv.

332 1227 480 1266 venustas]
511 1228 588 1263 Quis
608 1238 657 1257 me
677 1232 722 1257 est
737 1229 794 1257 for-

293 1266 436 1302 tunatior,
473 1267 691 1304 venustatisque
722 1267 796 1296 adeo

293 1303 411 1342 plenior
421 1305 436 1333 P
477 1305 708 1343 Antiquamque
722 1306 795 1334 adeo

293 1347 377 1371 tuam
387 1347 566 1372 venustatem
574 1344 700 1386 obtines.
719 1343 794 1373 Hec.

294 1390 322 1410 v.
339 1382 368 1417 4,
383 1381 411 1416 8,
429 1381 474 1411 18.

330 1420 458 1458 venuste]
519 1420 619 1455 Quam
657 1422 797 1450 venuste!

293 1458 374 1496 quod
397 1459 479 1487 dedit
503 1458 685 1496 principium
708 1459 796 1488 adve-

291 1497 389 1526 niens.
413 1497 493 1526 Eun.
510 1497 553 1525 iii.
567 1497 596 1532 2,
609 1498 637 1526 4.

331 1535 483 1574 venustus]
518 1535 616 1564 Vultu
637 1536 712 1564 adeo
732 1546 794 1564 mo-

293 1573 389 1611 desto,
409 1575 483 1603 adeo
507 1577 634 1610 venusto,
658 1579 693 1603 ut
716 1574 795 1603 nihil

293 1612 697 1689 sugaebefftcznjldlilnlzirzzinc
712 1661 796 1680 sume

292 1689 432 1719 verbenas
446 1690 511 1718 tibi.
537 1690 617 1718 And.
636 1691 675 1719 iv.
691 1690 720 1726 3,
738 1689 781 1719 11.

330 1728 468 1766 verbera]
493 1728 663 1757 Verberibus
676 1738 796 1757 caesum

293 1771 323 1796 te
337 1767 369 1796 in
384 1767 556 1805 pistrinum,
572 1767 668 1802 Dave,
689 1767 794 1796 dedam

292 1815 388 1843 usque
411 1806 447 1834 ad
469 1815 585 1834 necem.
619 1805 701 1834 And.
726 1806 744 1834 i.
766 1805 795 1842 2,

292 1843 340 1873 28.
384 1844 455 1873 Tibi
476 1849 567 1873 erunt
601 1849 682 1873 arata
695 1845 796 1880 verba,

291 1881 365 1911 huic
384 1883 501 1911 homini
518 1854 602 1912 verlss

293 1921 325 1950 ii.
342 1921 370 1956 3,
389 1920 454 1950 115.

330 1959 459 1996 verbero,
481 1959 594 1997 subet]
633 1959 710 1994 Eho,
730 1969 795 1988 ver·

291 1997 369 2035 bero,
391 1998 474 2027 aliud
492 1998 566 2027 mihi
582 1999 742 2036 respondes
762 2008 795 2026 ac

292 2038 388 2074 rogo?
419 2037 542 2066 Phorm.
574 2037 613 2065 iv.
639 2037 667 2073 4,
689 2036 717 2066 3.
761 2037 796 2065 ld

292 2076 415 2113 quidem
432 2076 487 2104 tibi
508 2076 572 2114 jam
594 2076 656 2112 fiet,
677 2075 735 2104 nisi
750 2085 796 2104 re-

293 2115 383 2180 qistis,
407 2114 534 2143 verbero.
566 2114 691 2143 Phorm.
715 2124 742 2143 v.
767 2113 795 2149 6,

330 2189 459 2224 verbero,
472 2191 616 2228 verbum]
635 2190 736 2219 Domo
747 2200 795 2219 me

292 2227 796 2304 ω..

291 2305 484 2342 verberando,
510 2314 606 2342 usque
633 2305 721 2333 ambo
746 2305 795 2333 de-

291 2344 361 2372 fessi
377 2353 488 2372 sumus.
523 2342 654 2381 Adelph.
671 2343 702 2371 ii.
717 2342 747 2378 2,
767 2343 794 2372 5.

293 2382 365 2411 Non
393 2382 532 2420 puduisse
559 2381 715 2410 verberare
743 2381 794 2410 ho·

291 2421 408 2488 gziggm
437 2421 564 2450 senem?
596 2419 725 2458 Adelph.
754 2421 794 2449 iv.

314 2482 322 2496 ,
379 2482 385 2488 .

331 2497 463 2531 verbum]

293 2537 364 2565 est?
385 2535 467 2565 And.
491 2536 510 2565 i.
539 2534 566 2571 l,
590 2534 637 2567 72.
680 2535 794 2564 Verum

292 2574 371 2603 illud
393 2573 513 2603 verbum
534 2577 589 2609 est,
604 2573 695 2612 vulgo
716 2574 797 2612 quod

293 2613 353 2642 dici
387 2613 473 2642 solet.
518 2613 599 2641 And.
629 2613 663 2642 ii.
690 2611 719 2648 5,
749 2611 795 2642 15.

293 2651 461 2690 Nunquam
488 2651 630 2688 cuiquam
659 2655 794 2680 nostrum

291 2689 413 2719 verbum
438 2690 520 2718 fecit.
559 2689 639 2718 And.
670 2690 689 2719 i.
713 2689 742 2725 2,
767 2689 795 2722 7.

300 2728 425 2757 Verbum
450 2738 548 2757 unum
570 2737 642 2757 cave
662 2728 700 2757 de
721 2738 796 2765 nup-

292 2767 354 2796 tiis.
388 2766 467 2795 And.
485 2767 503 2794 i.
526 2766 554 2802 5,
576 2765 626 2795 65.
674 2766 798 2795 Verbum

293 2806 319 2834 si
354 2804 431 2833 mihi
460 2814 555 2833 unum
589 2809 797 2843 praeterquam

293 2844 373 2882 quod
389 2849 418 2872 te
432 2853 502 2880 rogo
517 2843 596 2872 faxis
609 2853 690 2872 cave.
714 2844 795 2873 And.

293 2882 332 2911 iv.
349 2882 378 2917 4,
395 2880 440 2910 13.
465 2881 551 2910 Bona
564 2881 664 2916 verba,
677 2891 794 2920 quaeso.

294 2920 377 2949 And.
394 2921 413 2949 i.
430 2919 459 2954 2,
475 2919 521 2949 33.
548 2919 623 2948 Dari
638 2920 692 2949 tibi
708 2920 797 2949 verba

293 2967 396 2987 censes
421 2957 507 2987 falso.
536 2959 617 2987 And.
634 2958 677 2987 iii.
698 2958 727 2997 2,
748 2958 795 2988 25.

295 2995 461 3034 Nunquam
485 2996 576 3026 hodie
595 3001 695 3026 tecum
715 3007 797 3027 com-

605 1892 649 1911 ra.
681 1882 793 1913 Heaut.

498 2497 580 2533 Quid
606 2496 702 2526 verbis
723 2506 796 2534 opus

1005 267 1201 312 INDEX

827 411 830 415 ,
848 385 1039 411 mutaturum
1051 386 1165 421 patrem
1177 390 1273 411 unum
1288 390 1352 411 esse

848 420 975 450 verbum.
1008 421 1089 449 And.
1107 421 1136 450 ii.
1153 421 1182 456 4,
1203 420 1230 448 8.
1282 419 1351 449 Ver-

848 458 916 487 bum
938 460 961 488 si
986 459 1145 488 addideris.
1180 458 1261 488 And.
1277 467 1306 487 v.
1321 457 1350 490 2.

852 496 895 527 19.
927 497 1005 526 Tute
1019 498 1092 526 adeo
1104 498 1168 535 jam
1183 497 1250 535 ejus
1263 496 1352 525 verba

849 536 963 565 audies.
987 536 1068 565 And.
1085 536 1127 564 iii.
1145 535 1171 571 3,
1187 535 1238 569 47.
1269 534 1351 564 Tris—

850 575 888 603 tis
916 575 1057 603 severitas
1085 575 1163 603 inest
1191 575 1223 603 in
1250 573 1351 609 vultu,

849 617 939 679 {thuGe
954 613 984 641 in
994 612 1095 680 11}quss
1109 613 1191 680 fides.
1225 612 1352 679 Andiubz

872 674 878 685 ,
934 674 940 679 .
1094 661 1131 680 ne
1146 660 1237 680 icium
1258 660 1292 679 ve

850 689 963 718 initum
986 689 1100 718 dudum
1119 699 1200 718 nunc
1218 699 1249 718 re
1270 699 1352 718 com-

850 728 965 765 probes.
1000 727 1079 756 And.
1102 737 1130 757 v.
1150 727 1177 764 1,
1198 727 1225 757 5.
1269 727 1352 756 Istuc

849 766 968 795 verbum
1002 776 1071 795 vere
1103 767 1135 795 in
1170 771 1201 795 te
1232 766 1351 795 accidit.

851 804 932 834 And.
957 814 984 834 v.
1009 804 1037 840 3,
1061 804 1105 834 14.
1148 804 1264 834 Munus
1283 814 1351 833 nos·

850 849 932 910 imni}
956 843 1206 917 01·1‹1{todverbi.{.ta
1214 843 1352 910 Euqbaiiq.

871 904 878 914 .
933 904 940 911 .
1027 891 1058 910 ιιι
1106 891 1160 911 mu
1238 891 1272 911 ve
1339 904 1346 911 .

851 919 931 950 Eun.
954 921 997 949 iii.
1019 920 1048 955 5,
1067 919 1114 949 20.
1158 920 1262 958 Usque
1278 921 1352 950 adeo

849 968 903 999 ego
925 958 1011 988 illius
1030 959 1107 988 ferre
1127 969 1250 997 possum
1269 959 1318 988 ine
1340 975 1352 980 -

851 997 907 1027 tias
921 1003 951 1027 et
971 998 1130 1036 magnifica
1151 997 1249 1034 verba,
1262 1007 1297 1026 ve

850 1036 923 1065 dum
951 1037 1021 1066 sint.
1056 1036 1136 1066 Eun.
1160 1037 1198 1065 iv,
1223 1036 1251 1072 6,
1273 1035 1301 1071 3,
1322 1037 1349 1066 4.

851 1074 919 1103 Tibi
945 1079 1017 1104 suut
1039 1079 1140 1113 parata
1161 1074 1260 1110 verba,
1279 1074 1351 1104 huic

850 1112 966 1142 homini
982 1114 1113 1143 verbera.
1147 1113 1258 1142 Heaut.
1274 1113 1306 1142 ii.
1321 1112 1350 1149 3,

852 1150 914 1180 115.
959 1152 1082 1181 Inversa
1103 1151 1201 1181 verba.
1235 1151 1347 1181 Heaut.

849 1189 879 1219 ii.
908 1190 936 1225 3,
964 1189 1028 1220 131.
1075 1191 1233 1227 Quantum
1260 1190 1351 1219 audio

850 1228 941 1267 hujus
961 1228 1058 1258 verba.
1094 1229 1205 1258 Heaut.
1222 1229 1261 1257 iv.
1278 1227 1306 1264 3,
1321 1229 1348 1257 4.

850 1266 950 1296 Pudet
984 1268 1083 1296 dicere
1111 1267 1166 1296 hae
1195 1271 1350 1306 praesente

847 1305 968 1334 verbum
994 1310 1089 1344 turpe.
1126 1306 1238 1335 Heaut.
1267 1316 1294 1335 v.
1321 1306 1350 1341 4,

851 1342 895 1372 19.
939 1344 1046 1382 Neque
1073 1350 1107 1372 tu
1134 1343 1228 1373 verbis
1251 1343 1350 1373 solves

849 1391 994 1419 unquam,
1019 1383 1098 1420 quod
1120 1382 1195 1411 mihi
1218 1393 1250 1411 re
1271 1382 1350 1411 male

848 1420 961 1450 seceris.
986 1421 1116 1459 Adelph.
1133 1421 1163 1451 ii.
1183 1420 1208 1456 l,
1226 1420 1270 1450 10.
1302 1421 1349 1450 Tu

847 1458 936 1487 verba
962 1459 1065 1488 fundis
1097 1459 1157 1493 hic,
1185 1460 1351 1498 sapientia?

850 1497 980 1536 Adelph.
1010 1507 1040 1526 v.
1078 1496 1103 1533 1,
1138 1498 1167 1531 7.
1226 1497 1351 1527 Verbum

848 1535 885 1564 de
910 1535 997 1565 veaeho
1024 1545 1197 1574 expressum
1225 1535 1347 1566 extulit.

842 1574 981 1612 -Adelph.
1010 1574 1092 1604 Prol.
1123 1574 1167 1604 11.
1211 1574 1350 1604 Fortasse

848 1622 944 1642 unum
972 1613 1094 1651 aliquod
1124 1613 1242 1642 verbum
1270 1614 1351 1643 inter

848 1661 898 1680 eas
909 1652 983 1680 irarn
994 1652 1071 1681 hanc
1081 1652 1253 1681 concivisse.
1271 1652 1349 1681 Hec.

849 1690 892 1718 iii.
911 1689 937 1725 1,
952 1689 998 1719 33.
1037 1690 1116 1720 Istoc
1130 1690 1215 1719 verbo
1229 1691 1351 1719 animus

848 1728 925 1757 mihi
949 1729 1047 1758 rediit.
1081 1729 1157 1759 Hec.
1182 1729 1226 1759 iii.
1251 1729 1280 1764 2,
1305 1728 1350 1759 12.

851 1766 920 1796 Non
935 1767 1036 1797 hercle
1050 1768 1145 1797 verbis
1159 1790 1166 1797 .
1182 1790 1189 1797 .
1207 1791 1213 1797 .
1229 1768 1288 1796 dici
1301 1778 1349 1806 po-

848 1810 907 1834 test
921 1810 1042 1835 tantum
1058 1816 1148 1845 quam
1169 1816 1201 1836 re
1221 1807 1284 1844 ipsa
1299 1816 1350 1835 na-

849 1844 948 1882 vigare
959 1845 1187 1874 incommodum
1199 1850 1252 1874 est.
1273 1844 1350 1874 Hec.

848 1883 889 1911 iii.
915 1883 943 1918 4,
971 1883 999 1912 2.
1043 1884 1114 1913 Huc
1141 1893 1232 1912 evoca
1257 1882 1352 1912 verbis

848 1922 933 1950 meis.
948 1921 1024 1951 Hec.
1041 1923 1080 1951 iv.
1096 1922 1125 1958 4,
1141 1922 1187 1950 98.
1217 1922 1298 1958 Quid
1312 1922 1350 1950 is-

848 1963 901 1988 tuc
922 1959 1003 1988 verbi
1020 1962 1089 1989 est?
1120 1960 1242 1989 Phorm.
1267 1961 1299 1989 ii.
1321 1959 1350 1996 2,

847 1997 895 2027 29.
946 1998 1071 2027 Verbum
1092 1998 1187 2035 verbo,
1214 2009 1267 2037 par
1287 2000 1349 2038 pari

850 2041 883 2066 ut
910 2047 957 2066 res
977 2038 1096 2066 ondens.
1127 2037 1250 2067 Phorm.
1275 2037 1295 2066 i.
1322 2038 1350 2074 4,

849 2074 896 2105 34.
973 2076 1000 2104 bi
1019 2080 1085 2105 tute
1098 2075 1217 2105 verbum
1230 2085 1291 2105 non
1306 2085 1350 2105 re-

848 2123 862 2142 s
883 2115 1000 2143 ondeas.
1037 2114 1161 2143 Phorm.
1187 2115 1219 2144 ii.
1248 2114 1274 2150 1,
1300 2114 1350 2144 50.

848 2124 928 2181 Senis
939 2153 1003 2191 jam
1015 2152 1170 2182 verborum
1184 2158 1236 2182 est.
1257 2152 1347 2181 Phor.

847 2190 877 2219 ii.
895 2190 923 2225 3,
946 2191 992 2220 89.
1043 2190 1138 2219 Verba
1157 2192 1246 2220 istaec
1268 2196 1349 2220 sunt.

850 2228 972 2257 Phorm.
989 2229 1032 2258 iii.
1046 2228 1074 2263 2,
1089 2228 1136 2258 32.
1160 2229 1224 2267 Ego
1238 2230 1348 2257 curabo

846 2276 885 2295 ne
919 2267 971 2295 uid
985 2266 1140 2296 verborum.
1153 2267 1228 2296 duit.
1257 2267 1347 2296 Phor.

847 2305 887 2334 iv,
924 2328 931 2340 ‚
946 2303 970 2334 l.
1020 2305 1114 2334 Verba
1128 2305 1206 2334 fiunt
1219 2310 1347 2334 mortuo.

847 2343 974 2372 Phorm.
988 2353 1015 2372 v.
1033 2343 1060 2376 8,
1075 2343 1121 2372 26.

885 2384 964 2415 vere]
986 2381 1069 2411 Istuc
1083 2382 1209 2411 verbum
1230 2392 1296 2411 vere
1317 2382 1348 2411 in

847 2424 876 2448 te
891 2420 1006 2448 accidit.
1032 2420 1112 2449 And.
1126 2430 1152 2449 v,
1168 2419 1195 2455 3,
1212 2419 1256 2450 14.
1279 2421 1348 2449 Uti-

847 2468 917 2487 nam
940 2459 1018 2487 istuc
1042 2460 1168 2488 verbum
1185 2469 1223 2488 ex
1247 2460 1349 2488 animo

846 2506 880 2525 ac
903 2506 970 2525 vere
995 2498 1116 2527 diceres.
1160 2497 1240 2526 Eun.
1271 2499 1291 2527 i.
1319 2497 1348 2531 2,

847 2534 894 2564 95.
938 2535 1066 2573 Hocque
1080 2536 1124 2572 fit,
1139 2537 1192 2564 ubi
1208 2546 1268 2565 non
1283 2546 1349 2565 vere

847 2573 968 2602 vivitur.
986 2573 1099 2603 Heaut.
1113 2575 1131 2603 i.
1146 2574 1171 2610 1,
1184 2573 1248 2604 102.
1275 2574 1349 2603 Pro-

847 2612 924 2641 fecto
935 2611 990 2641 hoc
1001 2622 1068 2640 vere
1077 2613 1191 2642 dicunt.
1217 2612 1347 2651 Adelph.

847 2651 866 2680 i.
884 2649 911 2686 l,
927 2649 953 2679 3.
988 2650 1085 2688 quue
1099 2652 1122 2680 si
1138 2661 1221 2679 nunc
1234 2661 1350 2680 memo-

848 2698 912 2718 rare
939 2688 989 2718 hic
1014 2689 1118 2725 velim,
1146 2699 1236 2727 quam
1266 2689 1348 2718 fideli

848 2728 950 2756 animo
971 2732 1001 2756 et
1021 2728 1151 2765 benigno
1167 2728 1198 2756 in
1214 2727 1299 2756 illam
1319 2733 1350 2757 et

848 2765 990 2795 clementi
1024 2766 1080 2801 fui,
1117 2775 1182 2794 vere
1217 2776 1347 2803 possum.

851 2804 926 2834 Hec.
941 2804 984 2834 iii.
1001 2803 1030 2840 5,
1044 2803 1091 2833 23.

887 2842 1078 2881 veremudus]
1105 2842 1125 2871 J
1129 2852 1178 2870 am
1199 2846 1265 2871 tum
1287 2848 1351 2871 erat

849 2891 952 2917 senex,
975 2886 1112 2910 senectus
1133 2881 1156 2909 si
1176 2881 1350 2909 verecundos

850 2920 945 2949 facit?
965 2919 1088 2949 Phorm.
1104 2929 1131 2948 ν.
1148 2918 1175 2955 8,
1191 2919 1237 2948 34.

887 2957 1006 2997 vereor]
1046 2958 1155 2987 Vereor
1183 2957 1255 2995 quid
1283 2958 1348 2987 siet.

852 2997 931 3027 And.
960 2997 982 3027 i.
1004 2997 1035 3034 4,
1056 2995 1085 3028 7.
1125 2996 1195 3025 Hoc
1216 2996 1290 3034 quid
1310 2996 1350 3025 sit

1402 390 1513 412 vereor.
1546 381 1625 412 Eun.
1641 382 1682 413 iv.
1699 382 1727 419 3,
1744 381 1772 413 2.
1814 381 1903 414 Nihil

1402 420 1496 457 magis
1507 429 1619 450 vereor.
1641 420 1758 451 Haut.
1773 421 1795 452 i.
1808 419 1839 457 2,
1851 421 1901 453 24.

1410 458 1518 487 Vereor
1538 468 1575 488 ne
1595 458 1681 489 indili

1402 497 1468 526 sies.
1486 497 1614 536 Adelph.
1626 498 1666 528 iv,
1697 498 1761 534 ‚50.
1783 497 1904 528 Firma

1401 534 1458 564 hae
1490 544 1592 564 vereor
1618 540 1653 566 ut
1679 537 1740 566 sint
1769 537 1903 575 nuptiae.

1403 573 1480 603 Hec.
1495 574 1513 603 i.
1529 573 1558 605 2.
1571 574 1620 604 26.
1663 574 1749 604 Nihil
1764 580 1810 604 est
1842 575 1902 605 uod

1401 621 1515 642 verear.
1547 611 1671 643 Phorm.
1696 623 1724 643 v.
1751 612 1779 651 l,
1805 612 1818 642 l
1843 637 1852 651 ,
1871 617 1904 643 et
1924 644 1929 648 .

1402 650 1510 688 passim
1524 650 1606 680 alibi.
1720 673 1729 682 «.

1441 689 1625 728 verisimilis]
1668 689 1748 719 Mihi
1777 690 1904 729 quidem

1402 727 1503 756 hercle
1513 737 1572 757 non
1582 727 1803 764 (inverisimile.
1821 729 1903 759 And.

1402 767 1420 795 i.
1436 766 1465 801 3,
1479 765 1527 795 20.
1572 767 1733 796 videbitur
1748 768 1843 806 magis
1854 777 1904 796 ve·

1402 804 1526 833 risimile
1540 805 1568 834 id
1583 814 1656 835 esse.
1687 805 1800 835 Haut.
1815 806 1855 835 iv.
1872 805 1903 843 5,

1402 842 1450 872 54.
1493 843 1551 872 Tot
1564 849 1748 874 concurrunt
1759 845 1902 874 xrism-

1401 880 1455 911 lia.
1488 881 1618 921 Adelph.
1633 883 1673 912 iv.
1691 883 1721 919 4,
1743 881 1790 913 18.
1833 883 1903 913 Nou

1402 921 1560 950 verisimile
1587 921 1681 957 dicim
1714 930 1770 951 nec
1795 930 1903 952 verum

1403 958 1538 988 arbitror.
1566 959 1642 989 Hec.
1658 960 1678 989 i.
1692 958 1722 996 2,
1737 958 1785 990 65.

1441 998 1606 1036 verissime]
1650 997 1694 1028 Iis
1717 1007 1798 1028 nunc
1818 1007 1903 1037 pne-

1403 1037 1498 1065 mium
1513 1041 1569 1073 est,
1612 1037 1642 1065 ui
1663 1042 1744 1066 recta
1755 1045 1847 1076 prava
1858 1037 1903 1066 fa-

1402 1074 1508 1146 ciu2nt.⁷
1528 1075 1569 1105 G.
1613 1075 1753 1105 erinium.
1777 1074 1902 1105 Phorm.

1403 1122 1429 1141 v.
1467 1136 1475 1148 ,
1510 1137 1516 1143 .

1440 1151 1562 1190 veritae]
1589 1151 1778 1190 Obsequium
1791 1152 1904 1182 amicos

1401 1190 1510 1257 perillus
1533 1190 1638 1220 odium
1659 1191 1745 1229 parit.
1778 1191 1861 1220 And.
1882 1191 1902 1220 i.

1422 1251 1429 1264 ⁷
1439 1266 1525 1306 vero]
1555 1267 1642 1296 Itane
1654 1276 1723 1296 vero
1737 1267 1879 1296 obturbat
1888 1268 1904 1297 Ρ

1404 1305 1487 1334 And.
1509 1315 1536 1335 v.
1561 1307 1590 1342 4,
1613 1305 1660 1335 23.
1712 1305 1816 1335 Redeo
1838 1315 1904 1335 rm·-
1947 1306 1953 1310 ’

1401 1353 1479 1379 sum,
1507 1344 1587 1373 male
1609 1353 1679 1373 vero
1702 1353 1753 1373 me
1778 1343 1902 1380 habens.

1403 1381 1483 1411 Eun.
1509 1383 1551 1412 iv.
1574 1382 1603 1418 2,
1627 1383 1657 1412 6.
1698 1382 1799 1419 Quam
1826 1383 1904 1413 bene

1401 1430 1470 1449 vero
1497 1422 1549 1450 abs
1576 1425 1606 1450 te
1633 1427 1820 1459 prospectum
1847 1427 1902 1452 est.

1403 1458 1515 1488 Heaut.
1532 1461 1571 1488 iv.
1590 1459 1617 1495 1,
1639 1459 1687 1489 25.
1731 1459 1795 1489 Ain
1811 1460 1904 1490 νον-οἵ

1403 1497 1534 1536 Adelph.
1550 1498 1595 1527 iii.
1612 1497 1640 1531 3,
1654 1497 1702 1527 51.
1731 1498 1812 1527 Heia
1823 1508 1902 1528 vero.

1403 1535 1479 1565 Hec.
1508 1537 1541 1566 ii.
1569 1536 1598 1573 2,
1626 1536 1654 1565 8.
1698 1536 1807 1566 Minue
1833 1546 1903 1566 vero

1402 1575 1487 1604 iram.
1511 1574 1635 1604 Phorm.
1648 1575 1680 1604 ii.
1695 1575 1723 1610 3,
1738 1574 1787 1604 88.
1821 1575 1903 1604 Mihi

1403 1612 1490 1642 illaec
1504 1623 1573 1642 vero
1584 1614 1623 1642 ad
1635 1618 1746 1643 rastros
1754 1623 1802 1643 res
1812 1614 1900 1644 redit.

1403 1651 1517 1680 Heaut.
1533 1662 1560 1681 ν.
1578 1651 1605 1688 l,
1619 1651 1667 1682 58.

1441 1689 1558 1730 versor]
1591 1690 1698 1720 Nescis
1724 1690 1845 1730 quantis
1869 1691 1903 1720 in

1402 1728 1491 1774 malis
1511 1738 1611 1758 verser
1631 1729 1731 1759 miser.
1763 1729 1845 1759 And.
1861 1729 1902 1760 iv.

1403 1765 1606 1874 sslssrsura12
1627 1806 1757 1874 Ilfgrsum
1795 1805 1903 1837 solves.

1452 1853 1526 1874 orm.
1541 1854 1570 1874 v.
1607 1867 1615 1878 ,
1670 1867 1677 1874 .

1439 1882 1552 1921 versus]
1572 1882 1681 1912 Clivus
1690 1882 1829 1912 deorsum
1837 1893 1903 1914 ver-

1401 1930 1450 1950 sus
1463 1926 1516 1950 est.
1540 1920 1670 1960 Adelph.
1685 1922 1726 1950 iv.
1741 1921 1770 1955 2.
1785 1920 1833 1951 36.

1403 1959 1533 2029 Pr'bliiae
1554 1959 1728 2043 BIssdigam,
1744 1960 1904 2038 “5331ss

1400 2040 1497 2065 veriat
1523 2042 1646 2066 nesciat.
1681 2036 1794 2066 Heaut.
1820 2047 1848 2067 v.
1876 2037 1903 2073 1,

1402 2074 1448 2106 73.
1486 2075 1527 2104 Di
1540 2076 1748 2105 benevertant.
1771 2075 1904 2114 Adelph.

1401 2113 1441 2142 iv.
1457 2113 1486 2150 7,
1503 2113 1548 2143 10.
1570 2114 1666 2150 ¹Quae
1679 2123 1727 2143 res
1740 2113 1793 2143 tibi
1807 2117 1904 2144 vertat

1402 2151 1488 2181 male.
1512 2151 1642 2190 Adelph.
1658 2153 1688 2181 ii.
1705 2150 1732 2188 l,
1746 2152 1793 2185 37.
1832 2152 1903 2189 Quo

1402 2200 1450 2219 me
1476 2190 1612 2219 vertam?
1646 2190 1722 2220 Hec.
1750 2191 1791 2220 ἰν.
1819 2189 1846 2226 l,
1876 2191 1901 2221 1.

1403 2228 1443 2256 Di
1471 2231 1587 2258 vertant
1612 2229 1688 2258 bene
1715 2229 1794 2267 quod
1878 2240 1901 2260 s.

1402 2266 1476 2295 Hec.
1493 2267 1511 2295 i.
1527 2266 1556 2301 2,
1573 2266 1637 2296 121.
1680 2266 1765 2303 Quae
1800 2268 1830 2296 ui
1852 2277 1902 2298 em

1399 2303 1446 2333 illi
1469 2315 1515 2334 res
1534 2309 1630 2334 vertat
1652 2304 1742 2335 male.
1804 2306 1901 2336 horm.

1400 2343 1440 2372 iv.
1458 2342 1485 2377 3,
1500 2343 1547 2375 73.

1438 2391 1538 2410 verum
1595 2381 1703 2410 Verum
1723 2382 1812 2412 aliter
1833 2393 1903 2413 eve·

1400 2421 1465 2448 nire
1498 2426 1598 2449 muto
1622 2420 1777 2459 intelligit.
1819 2422 1902 2452 And.

1402 2458 1481 2488 Prol.
1507 2460 1536 2488 4.
1576 2458 1735 2497 Siquidem
1763 2460 1900 2490 biduum.

1407 2497 1516 2526 Verum
1542 2507 1580 2527 ne
1607 2498 1683 2526 fiant
1716 2498 1766 2527 isti
1795 2499 1901 2537 viginti

1400 2536 1472 2564 dies.
1499 2536 1575 2564 Eun.
1592 2536 1612 2566 i.
1627 2535 1657 2571 2,
1673 2535 1738 2566 103.
1774 2537 1900 2568 Diam:

1399 2584 1500 2603 verum
1513 2580 1548 2603 ut
1561 2574 1644 2603 aliud
1659 2584 1697 2604 ex
1707 2574 1768 2604 alio
1783 2576 1900 2605 incidit.

1401 2612 1514 2642 Heaut.
1531 2613 1573 2642 iii.
1589 2612 1617 2648 3,
1633 2612 1679 2645 37.

1438 2652 1654 2689 verumtamen]
1685 2651 1903 2690 Verumtamen,

1399 2690 1498 2727 potius
1518 2699 1608 2728 quam
1624 2695 1654 2719 te
1667 2691 1828 2720 inimicum
1848 2691 1902 2720 ha-

1400 2728 1498 2762 beam,
1507 2729 1614 2758 faciam
1624 2732 1660 2757 ut
1666 2728 1801 2766 jusseris.
1818 2728 1900 2759 Eun.

1401 2767 1420 2794 i.
1436 2766 1465 2801 2,
1481 2766 1528 2796 94.
1578 2766 1782 2796 Verumtamen
1801 2769 1902 2806 potius

1422 2814 1491 2871 ιιιὲιόι
1506 2805 1577 2834 lites
1591 2809 1693 2834 secter.
1726 2805 1851 2835 Phorm.
1866 2806 1900 2836 ii.

1401 2918 1429 2954 5,
1439 2879 1754 2948 ²557⁴⁸¹12¹r¹0¹¹¹ffix²
1772 2881 1856 2950 ffl-
1867 2892 1900 2951 ¹v':

1403 2955 1488 2989 1,20.
1514 2957 1679 2992 Quaevera
1689 2958 1798 2987 audivi.
1824 2958 1902 2989 Vera

1401 2995 1502 3025 dicito.
1525 2995 1604 3024 Eun.
1622 2996 1641 3025 i.
1653 2995 1684 3033 2,
1698 2995 1746 3033 23,
1757 2996 1804 3027 26.
1827 2997 1902 3027 Pos-

1719 469 1755 489 ιιι
1772 459 1912 489 nimium*
