2020 3412
267 246 351 288 fflffi

266 373 330 393 sese
374 374 439 394 esse
483 365 641 404 indignam
681 366 772 405 depu-

265 407 310 433 tat
343 404 433 433 matri
473 415 558 435 meae
614 415 669 435 uae
702 416 773 435 con-

266 443 361 472 cedat.
385 443 462 474 Hec.
483 445 527 474 iii.
549 444 578 480 5,
600 446 607 457 ‘
622 446 647 477 7.
692 445 771 475 Tum

266 482 369 512 virum
391 493 451 520 me,
470 488 523 513 aut
546 483 700 513 hominem
722 485 773 513 de-

261 524 354 559 putas
373 522 447 551 adeo
470 525 557 552 esse?
580 523 655 552 Hec.
680 524 719 552 iv.
747 522 770 559 1,

266 560 294 590 9.
338 560 441 591 Meam
461 561 554 591 herus
573 572 636 591 esse
651 572 771 600 operam

266 599 389 638 deputat
413 602 496 639 parvi
521 602 606 639 preti.
640 601 719 631 Hec.
744 611 770 630 v.

267 638 295 675 3,
314 638 337 669 1.
382 639 482 669 Omne
502 640 533 668 id
546 641 690 678 deputare
707 649 771 669 esse

224 696 232 699 ν
267 678 300 707 in
329 678 423 710 lucro.
452 679 577 708 Phorm.
602 679 635 708 ii.
667 678 695 715 l,
725 678 769 708 16.

267 717 315 746 Cf.
331 717 378 747 21.

241 758 247 760 ’
304 756 471 795 derepente]
506 756 663 795 Corripuit
690 756 772 786 dere-

260 798 348 833 pente
376 796 484 825 tacitus
508 806 571 824 sese
599 796 636 824 ad
664 795 770 825 filiam.

265 835 299 863 Si
322 835 348 864 is
370 840 468 873 posset
489 835 526 864 ab
547 845 581 864 ea
603 845 666 864 sese
687 835 772 864 dere-

260 877 348 911 pente
372 873 512 904 avellere.
545 874 621 904 Hec.
638 874 678 904 iv.
702 874 728 912 1,
764 898 771 912 ,

304 952 442 990 derideo]
468 952 572 982 Etiam
594 952 676 982 ultro
693 953 773 982 deri·

263 1001 330 1020 sum
350 991 481 1021 advenit.
512 992 596 1021 Eun.
619 1002 645 1021 ν.
669 991 700 1029 2,
723 991 770 1022 21.

264 1030 423 1060 Derides?
462 1031 575 1060 Heaut.
604 1041 633 1060 ν.
665 1030 692 1067 1,
723 1030 771 1060 42.

266 1069 399 1109 Adelph.
416 1080 444 1100 v.
467 1070 495 1107 3,
519 1070 564 1100 66.
609 1070 703 1100 Hunc
725 1080 773 1099 co-

264 1109 450 1138 medendum
496 1113 527 1138 et
566 1109 772 1139 <deridendum

264 1148 351 1215 ἒυὺίε
378 1149 512 1187 propino.
562 1148 642 1178 Eun.
682 1159 710 1179 v.
743 1148 771 1185 8,

303 1226 418 1261 derivo]
440 1226 477 1256 In
491 1237 542 1256 me
557 1237 680 1256 omnem
695 1227 771 1256 iram

263 1265 396 1295 derivem
407 1266 508 1295 senis?
523 1265 648 1295 thm.
661 1267 691 1295 ii.
703 1265 731 1302 2,
742 1266 768 1296 9.

303 1305 418 1343 desero]
449 1305 563 1341 Timet,
587 1315 626 1334 ne
652 1305 772 1335 deseras

264 1353 305 1373 se.
349 1343 397 1373 Ne
415 1345 467 1373 abs
489 1349 518 1374 te
538 1344 614 1373 hanc
636 1354 770 1383 segreges

263 1393 324 1412 neu
349 1383 478 1413 deseras.
516 1384 596 1412 And.
622 1383 640 1412 i.
667 1384 696 1420 5,
721 1383 769 1421 35,

264 1421 312 1452 56.
363 1422 425 1458 Qui
454 1432 485 1452 se
513 1423 603 1452 sciret
629 1432 692 1452 non
719 1423 769 1451 de-

263 1463 420 1491 serturum.
465 1462 547 1490 And.
584 1462 616 1491 ii.
653 1461 681 1498 3,
719 1461 769 1492 28.

265 1500 434 1539 Nunquam
461 1510 528 1530 eam
564 1510 613 1531 me
639 1501 770 1531 desertu-

263 1549 340 1568 rum.
365 1539 448 1569 And.
463 1540 502 1569 iv.
518 1540 547 1576 2,
565 1539 610 1570 ll.
654 1540 770 1570 Omnes

264 1579 329 1608 noti
350 1589 400 1608 me
414 1584 506 1617 atque
519 1579 608 1608 amici
624 1579 769 1609 deserunt.

265 1617 345 1647 Eun.
362 1618 392 1647 ii.
409 1618 438 1653 2,
454 1619 481 1652 7.
526 1618 579 1647 Me
601 1619 631 1647 in
654 1618 701 1648 his
721 1619 770 1648 de-

263 1658 381 1686 seruisti
407 1657 506 1687 malis.
542 1658 657 1687 Hcaut.
680 1658 712 1687 ii.
741 1657 770 1694 3,

267 1695 312 1727 17.
376 1696 492 1725 Mulier
524 1696 617 1726 telam
654 1697 772 1727 deserit.

264 1735 379 1765 Heaut.
403 1736 435 1765 ii.
462 1735 490 1773 3,
516 1736 563 1765 64.
607 1736 654 1765 Ne
679 1746 771 1775 quam

264 1774 356 1804 aliam
387 1780 510 1814 quaerat
537 1775 665 1814 copiam,
686 1786 720 1805 ac
742 1780 772 1805 te

264 1814 387 1843 deserat.
439 1814 552 1844 Heaut.
598 1825 624 1844 v.
665 1813 692 1851 1,
724 1814 771 1844 54.

266 1853 416 1882 Animam
456 1853 628 1891 relinquam
673 1855 773 1892 potius

265 1902 357 1931 quam
376 1892 444 1922 illas
465 1893 608 1922 deseram.
639 1892 771 1931 Adelph.

265 1932 308 1961 iii.
325 1933 354 1969 4,
368 1931 416 1962 52.
448 1932 573 1961 Amicas
598 1937 628 1961 te
652 1937 682 1961 et
706 1942 773 1970 cog-

265 1975 350 2000 natas
371 1971 513 2008 deserere,
533 1975 565 2001 et
585 1971 676 2001 festos
698 1971 772 2000 dies.

267 2010 343 2039 Hec.
364 2011 403 2039 iv.
419 2010 448 2046 2,
467 2010 511 2040 16.

303 2049 446 2087 desertus]
465 2050 668 2088 Angiportum
679 2049 774 2088 quod-

266 2088 337 2117 dam
362 2088 517 2119 desertum.
551 2089 631 2118 Eun.
648 2099 674 2118 v.
698 2088 726 2125 2,
745 2088 773 2119 6.

265 2127 410 2156 Desertae
430 2128 574 2157 vivimus.
606 2127 719 2157 Heaut.
739 2127 772 2157 ii.

266 2166 295 2202 4,
333 2165 377 2194 ll.
433 2166 499 2204 Ego
532 2166 661 2195 desertus
695 2176 772 2196 sum.

267 2204 399 2243 Adelph.
419 2215 447 2234 v.
470 2206 498 2241 4,
523 2203 568 2234 19.
613 2206 701 2233 Anus
724 2205 775 2234 de-

265 2246 477 2310 sertlabigens,
500 2244 610 2282 ignota.
647 2243 773 2273 Phorm.

268 2292 296 2311 v.
334 2305 341 2318 ,
397 2305 404 2311 .

306 2319 437 2358 desideo]
459 2320 586 2350 Frustra
599 2320 652 2349 ubi
674 2324 772 2350 totum

266 2359 368 2389 desedi
380 2359 470 2389 diem.
494 2359 571 2388 Hec.
588 2369 614 2388 v.
632 2359 659 2395 3,
675 2359 703 2389 2.

306 2398 500 2435 desiderium]
515 2398 613 2428 Scires
627 2398 774 2427 desiderio

269 2438 298 2467 id
314 2438 380 2467 fieri
397 2442 457 2467 tuo.
481 2437 595 2466 Heaut.
615 2437 649 2466 ii.
670 2436 698 2474 3,
725 2437 772 2466 66.

269 2477 318 2506 Ita
342 2487 393 2506 ma
413 2487 451 2505 no
485 2476 632 2506 desiderio
656 2476 716 2505 fuit
745 2476 773 2505 ei

269 2516 362 2545 filius.
429 2519 508 2545 eaut.
536 2515 576 2545 iv.
605 2514 634 2551 5,
659 2515 686 2545 5.
730 2515 774 2544 Te

268 2555 448 2585 desiderium
477 2554 670 2584 Athenarum
696 2554 774 2583 arbi-

270 2600 333 2624 tror
347 2604 380 2623 ce
401 2594 468 2624 isse.
491 2593 567 2623 Hec.
583 2594 603 2623 i.
617 2593 646 2630 2,
664 2592 708 2623 14.

309 2633 374 2662 desi
393 2634 461 2672 ero]
473 2632 685 2662 Medesideres.
694 2632 773 2662 Eun.

270 2673 290 2703 i.
301 2672 330 2709 2,
340 2671 404 2701 113.
422 2672 545 2708 Quanto
557 2671 673 2701 diutius
682 2672 776 2708 abest,

270 2716 355 2741 tanto
379 2711 473 2750 magis
494 2711 637 2740 desidero.
661 2710 773 2740 Heaut.

271 2752 315 2781 iii.
334 2750 360 2785 1,
377 2749 422 2780 16.
467 2750 536 2779 Non
554 2749 697 2780 desidero.
715 2749 774 2778 Ad.

271 2791 302 2820 ii.
329 2789 355 2827 l,
380 2789 427 2819 23.
471 2789 678 2818 Vehementer
699 2788 775 2818 desi-

270 2829 351 2858 dero.
376 2828 454 2858 Hec.
469 2828 511 2857 iii.
527 2827 555 2863 5,
572 2827 618 2858 38.

310 2868 445 2906 desiyno]
471 2867 565 2896 Modo
585 2866 660 2906 quid
681 2865 776 2905 desig]-

270 2907 363 2936 navit.
388 2906 447 2935 Ad.
464 2907 482 2935 i.
499 2906 527 2936 2.
543 2905 570 2937 7.

310 2945 423 2979 desino]
464 2945 611 2974 Desinant
649 2943 776 2974 maledi-

273 2994 348 3014 cere.
391 2983 472 3014 And.
496 2983 578 3013 Ptol.
600 2983 648 3013 23.
693 2983 776 3012 Haec

272 3022 448 3053 sollicitudo
501 3022 611 3052 deinde
658 3022 775 3052 desinet.

982 252 1180 297 INDEX

827 367 909 398 And.
939 368 971 397 ii.
996 368 1025 401 6,
1056 367 1101 396 10.
1146 366 1197 397 Ah
1225 367 1332 397 desine.

827 407 908 436 And.
929 417 955 435 v.
973 407 1002 442 6,
1018 407 1045 435 8.
1088 406 1219 436 Desinat
1241 406 1335 436 laces-

825 455 901 475 cere.
935 445 1015 475 Eun.
1034 444 1115 474 Prol.
1134 444 1178 475 16.
1223 445 1331 475 Ilicet:

825 485 932 514 desine.
964 484 1045 514 Eun.
1067 485 1099 513 ii.
1123 484 1150 520 3,
1176 484 1222 514 56.
1267 485 1333 514 Aut

823 524 933 560 desine,
948 528 1000 552 aut
1014 524 1086 553 cedo
1102 524 1240 562 quemvis
1254 525 1332 553 arbi-

824 566 916 592 trum.
945 562 1002 591 Ad.
1018 563 1036 592 i.
1053 562 1082 599 2,
1099 562 1145 592 43.
1190 563 1282 592 Potin
1299 569 1332 592 ut

823 601 963 631 desinas?
993 602 1054 631 Ad.
1069 602 1110 631 iv.
1129 601 1154 638 l,
1169 601 1216 632 23.
1259 602 1330 631 Jam

821 641 886 679 jam
901 641 1010 670 desino.
1035 641 1095 670 Ad.
1112 651 1140 670 v.
1152 641 1180 676 3,
1191 640 1238 672 67.
1266 642 1332 671 Tua

824 680 904 717 quod
928 680 1008 709 nihil
1036 680 1138 715 refert,
1181 682 1330 710 ereontari

823 718 948 748 desinas.
973 719 1049 748 Heo,
1065 730 1093 749 v.
1111 719 1139 756 3,
1174 719 1200 749 2.
1242 720 1331 749 Desi-

823 767 886 787 nas.
910 758 1034 788 Phorm.
1065 759 1084 788 i.
1114 758 1143 792 2,
1175 758 1219 788 19.
1263 759 1331 788 Ohe

822 797 928 826 desine.
953 797 1078 827 Phorm.
1095 798 1126 826 ii.
1143 797 1171 834 3,
1188 798 1234 828 30.

862 837 980 872 desisto]
1016 837 1181 875 Nunquam
1222 837 1332 866 destitit

824 875 945 906 instare.
971 876 1052 905 And.
1076 878 1115 905 iv.
1134 875 1160 913 l,
1176 875 1222 906 36.
1260 876 1329 906 Hoc

842 916 1028 944 ercontarier
1040 915 1151 945 desiste.
1177 916 1252 944 Hec.
1270 916 1287 945 i.
1301 915 1329 953 2,

844 954 871 983 0.
913 955 1046 984 Desistat
1059 954 1172 984 litibus.
1204 954 1328 985 Phorm.

823 994 863 1022 iv.
880 993 909 1029 3,
920 993 967 1023 29.

862 1032 1044 1072 despicatus]
1083 1033 1147 1062 Nos
1179 1036 1330 1062 nostram-

823 1081 882 1110 que
896 1072 1128 1101 adolescentiam
1144 1071 1258 1101 habent
1278 1073 1329 1101 de-

822 1111 977 1149 spicatam.
1002 1111 1080 1141 Eun.
1098 1112 1129 1140 ii.
1146 1111 1174 1146 3,
1191 1111 1237 1140 92.

861 1150 1004 1188 despolio]
1037 1151 1135 1189 Ipsam
1160 1149 1328 1210 desgnoliare

823 1199 884 1217 non
900 1189 979 1219 licet.
1004 1189 1086 1218 And.
1100 1189 1139 1218 iv.
1155 1188 1184 1225 5,
1200 1188 1247 1219 Ll.

861 1228 1041 1266 despondeo]
1065 1228 1228 1266 Despondi.
1265 1227 1328 1257 Hic

822 1269 936 1337 iupis?
951 1268 1034 1335 d3cttu
1050 1268 1181 1335 estddies.
1204 1267 1288 1335 ἓξὲξ,
1307 1268 1326 1297 i.

844 1329 851 1341 ,
921 1329 927 1336 .
987 1316 1057 1335 nus
1115 1316 1326 1335 esonezzcr.

823 1345 905 1375 And.
923 1355 950 1375 v.
966 1346 994 1381 6,
1013 1345 1056 1375 16.
1087 1316 1212 1384 Eggilli
1229 1355 1328 1384 neque

822 1385 859 1413 do
873 1394 973 1423 neque
986 1384 1158 1422 despondeo.
1202 1384 1263 1413 Cui
1278 1385 1328 1413 ‹la-

821 1428 907 1452 tums
931 1434 992 1453 non
1015 1434 1083 1453 sum
1105 1429 1141 1453 ut
1162 1424 1190 1452 ei
1204 1423 1328 1462 despon-

820 1462 934 1492 deam?
960 1463 1074 1492 Heaut.
1100 1463 1140 1492 iv.
1164 1463 1193 1499 5,
1213 1462 1261 1499 31,
1280 1462 1326 1492 36.

821 1501 1008 1539 Desponsam
1022 1512 1086 1531 esse
1095 1502 1196 1532 dicito.
1213 1502 1327 1531 Heaut.

822 1541 861 1570 iv.
891 1540 919 1576 8,
947 1541 994 1570 26.
1038 1541 1114 1578 Quis
1148 1541 1328 1579 despondit?

822 1580 890 1618 quis
905 1581 1014 1610 dedit?
1036 1581 1096 1610 Ad.
1111 1580 1153 1610 iv.
1169 1579 1197 1616 5,
1213 1579 1260 1609 36.

860 1618 1006 1659 desubito]
1046 1619 1184 1655 Crucior‚
1221 1618 1328 1648 bolum

822 1658 898 1687 mihi
937 1663 1055 1688 tantum
1093 1664 1230 1697 ereptum
1265 1664 1327 1687 tam

822 1697 858 1726 de
885 1697 977 1765 sugite
999 1708 1016 1728 e
1039 1698 1183 1728 faucibus.
1214 1697 1327 1728 Heaut.

823 1737 863 1766 iv,
878 1736 907 1772 2,
943 1760 949 1767 .

863 1776 976 1811 desum]
1011 1776 1104 1812 Quasi
1131 1775 1207 1805 desit
1233 1775 1327 1805 locus.

825 1815 938 1845 Heaut.
955 1816 999 1845 iii.
1016 1815 1044 1851 3,
1059 1814 1106 1844 ¹26.
1150 1815 1264 1845 Deerit.
1293 1815 1330 1844 Id

827 1864 894 1884 mea
907 1855 1036 1884 minime
1050 1854 1151 1884 refert.
1181 1854 1244 1883 Ad.
1260 1865 1288 1884 v.
1300 1854 1330 1891 4,

824 1893 872 1925 27.
917 1894 1030 1923 Beatus
1049 1894 1083 1922 ni
1097 1903 1195 1923 unum
1210 1893 1266 1923 hoc
1280 1895 1331 1922 de-

824 1933 870 1962 sit.
911 1932 1037 1962 Phorm.
1062 1933 1082 1962 i.
1109 1932 1137 1968 3,
1169 1932 1213 1962 18.
1259 1932 1330 1962 Non

825 1972 911 2007 ratio,
922 1982 1029 2001 verum
1044 1976 1203 2009 argentum
1218 1971 1329 2002 deerat.

826 2011 950 2040 Phorm.
969 2011 1000 2040 ii.
1018 2009 1045 2048 l,
1061 2010 1107 2040 69.

863 2051 1006 2085 deterior]
1051 2049 1154 2088 Ipsum
1193 2050 1332 2079 animum

825 2094 980 2128 aegrotum
1009 2089 1047 2118 ad
1068 2089 1244 2118 deteriorem
1267 2099 1330 2127 par-

826 2133 890 2157 tem
903 2127 1085 2195 plerumque
1095 2127 1231 2166 applicat.
1249 2128 1330 2156 And.

826 2167 848 2196 i.
874 2167 902 2202 2,
931 2166 978 2196 22.
1022 2166 1118 2195 Ilum
1147 2176 1211 2196 esse
1241 2176 1332 2204 quam

826 2206 1027 2235 deterrimum.
1076 2205 1159 2234 And.
1183 2215 1211 2234 v.
1235 2204 1261 2240 1,
1286 2204 1330 2234 16.

825 2244 998 2273 Deteriores
1006 2254 1112 2272 omnes
1122 2253 1228 2272 sumus
1239 2243 1333 2273 licen-

826 2283 877 2311 tia.
902 2283 1014 2311 Heaut.
1031 2283 1075 2311 iii.
1094 2282 1120 2318 l,
1136 2281 1182 2313 74.

864 2321 1007 2355 deterreo]
1031 2321 1075 2350 Te
1096 2325 1132 2350 ut
1157 2320 1330 2351 deterream.

826 2359 941 2390 Heaut.
956 2360 975 2390 i.
993 2358 1020 2396 l,
1031 2359 1079 2391 27.
1122 2359 1224 2396 Quum
1237 2359 1332 2398 placo,

825 2399 968 2428 adversor
995 2398 1100 2428 sedulo
1131 2403 1164 2428 et
1190 2399 1330 2429 deterreo.

828 2438 888 2467 Ad.
917 2439 936 2468 i.
967 2437 995 2474 2,
1022 2438 1068 2467 64.
1112 2437 1144 2467 Si
1174 2437 1207 2466 in
1237 2438 1332 2467 deter-

825 2477 918 2506 rendo
941 2476 1107 2506 voluissem
1134 2486 1254 2515 operam
1284 2487 1331 2506 su-

826 2515 1130 2551 mere‚deterruissem
1139 2515 1235 2544 facile.
1254 2515 1331 2545 Hec.

828 2554 893 2584 Ait.
912 2553 993 2584 Prol.
1011 2554 1055 2592 17,
1069 2554 1115 2584 19.
1160 2554 1333 2584 Maledictis

825 2594 974 2622 deterrere
1007 2604 1045 2622 ne
1088 2594 1197 2623 scribat
1238 2598 1330 2632 parat.

828 2632 951 2661 Phorm.
970 2632 1050 2661 Prol.
1067 2633 1094 2661 3.

865 2671 991 2708 detineo]
1006 2671 1132 2700 Detineo
1142 2675 1180 2700 te.
1205 2671 1285 2701 Eun.
1297 2673 1331 2701 ii.

825 2709 854 2744 2,
870 2709 916 2739 49.
960 2709 1017 2738 Pol
1032 2720 1081 2739 me
1105 2711 1228 2740 detinuit
1253 2721 1332 2740 mor-

828 2750 891 2779 bus.
921 2748 1045 2778 Phorm.
1061 2750 1102 2778 iv.
1121 2748 1146 2785 l,
1161 2749 1188 2778 8.

865 2787 1004 2826 detraho]
1031 2787 1129 2816 Tuam
1144 2792 1259 2817 vestem
1282 2789 1332 2817 de-

826 2827 918 2856 traxit
946 2827 1027 2856 tibi?
1049 2826 1129 2855 Eun.
1158 2827 1198 2856 iv.
1226 2828 1255 2863 4,
1283 2827 1330 2857 40.

827 2865 935 2896 soccos
948 2865 1114 2894 detrahunt.
1138 2865 1250 2895 Heaut.
1268 2867 1287 2895 i.
1306 2866 1332 2904 l,

826 2904 874 2939 72.
918 2904 966 2934 De
991 2905 1086 2942 digito
1108 2905 1259 2933 annulum
1283 2906 1332 2935 de-

827 2943 920 2974 traho.
944 2943 1054 2972 Heaut.
1071 2943 1109 2972 iv.
1123 2942 1150 2979 l,
1162 2943 1207 2972 38.
1226 2944 1333 2982 Neque

827 2983 990 3017 dett-aetum
1021 2982 1047 3011 ei
1082 2987 1128 3011 est
1159 2983 1331 3022 quicquam.

829 3021 905 3052 Hec.
921 3022 961 3052 iv.
979 3019 1005 3058 1,
1020 3019 1077 3058 583
1099 3030 1126 3050 v.
1143 3020 1170 3057 3,
1186 3020 1232 3051 31.

1422 368 1641 405 detrimentum]
1662 369 1711 400 De
1725 373 1756 400 te
1766 370 1890 409 quidem

1384 408 1532 445 peccando
1547 409 1717 438 detrimenti
1727 409 1809 439 nihil
1822 410 1890 440 fieri

1383 452 1489 484 potest.
1520 447 1597 478 Hec.
1613 448 1645 477 ii.
1664 447 1690 485 1,
1707 447 1752 480 37.

1421 486 1555 522 devenio]
1585 487 1718 525 Tantum
1743 486 1890 517 devenisse

1382 525 1419 553 ad
1434 535 1505 554 eum
1521 525 1605 555 mali.
1634 526 1747 556 Heaut.
1763 527 1803 555 iv.
1819 525 1848 562 5,
1859 526 1888 556 2.

1421 564 1591 600 deverbero]
1615 565 1767 595 Homines
1787 565 1891 594 dever-

1381 601 1494 632 berasse
1545 614 1641 643 usque
1687 605 1725 634 ad
1772 613 1888 635 necem.

1382 641 1506 671 Phorm.
1524 643 1553 672 ii.
1569 643 1598 679 2,
1617 642 1661 672 13.
1728 652 1731 657 ⁴

1419 681 1647 749 deverticulum]
1674 682 1754 712 Vide
1767 682 1890 712 diverti-

1381 729 1416 749 eu
1432 731 1491 750 um.

1418 759 1572 798 devertor]
1598 760 1662 799 Ego
1672 761 1744 790 deos
1756 760 1887 791 Penates

1381 797 1453 828 hinc
1468 798 1631 828 salutatum
1648 800 1774 828 domum
1785 800 1889 830 dever-

1380 840 1438 866 tar.
1463 837 1588 867 Phorm.
1604 839 1635 869 ii.
1654 838 1681 875 l,
1696 838 1744 868 82.

1420 877 1570 916 devincto]
1594 877 1746 916 Con'ugio
1767 877 1887 908 liberali

1379 915 1553 945 devinctum.
1595 916 1647 946 An
1672 940 1679 947 .
1708 917 1754 946 iii.
1782 917 1810 952 3,
1838 917 1886 947 29.

1382 953 1443 984 Ubi
1465 956 1585 985 animus
1606 955 1700 985 semel
1719 965 1751 985 se
1770 957 1888 995 cupidi-

1380 998 1442 1023 tate
1466 995 1599 1024 devina-it
1621 995 1712 1025 mala.
1735 995 1849 1025 Heaut.
1865 996 1885 1025 i.

1379 1032 1408 1069 2,
1420 1034 1467 1063 34.
1510 1034 1578 1063 Hoc
1593 1034 1739 1063 beneficio
1763 1034 1887 1080 utrique

1379 1073 1417 1101 ab
1439 1073 1575 1112 utrisque
1595 1083 1668 1102 vero
1681 1073 1884 1103 devincimmi.

1380 1111 1494 1141 Heaut.
1531 1112 1563 1141 ii.
1602 1113 1630 1148 4,
1662 1112 1707 1141 14.
1752 1113 1886 1142 Animus

1378 1152 1482 1179 uxoris
1496 1151 1701 1180 misericordia
1723 1151 1883 1181 detinctus.

1379 1189 1456 1219 Hec.
1471 1190 1490 1219 i.
1506 1189 1535 1224 2,
1550 1190 1597 1219 93.

1417 1229 1527 1264 devitu]
1557 1228 1589 1258 Si
1615 1228 1672 1258 hoc
1696 1229 1793 1258 devito
1820 1238 1885 1258 ma-

1378 1266 1455 1297 lum.
1487 1268 1568 1297 And.
1599 1269 1642 1297 iii.
1670 1267 1699 1303 5,
1727 1267 1755 1297 5.
1800 1268 1885 1298 Mala

1378 1316 1478 1375 9εὲυὲ
1484 1307 1528 1336 uti
1538 1307 1664 1336 devitem
1671 1307 1743 1337 scio.
1756 1307 1883 1338 Phorm.

1378 1355 1396 1375 1.
1433 1369 1443 1381 ,
1481 1369 1488 1375 .

1418 1384 1518 1424 Deus]
1538 1384 1596 1414 Pro
1605 1385 1707 1414 Deum
1717 1407 1724 1414 .
1741 1408 1747 1415 .
1761 1408 1769 1415 .
1781 1385 1882 1415 fidem.

1381 1424 1463 1453 And.
1480 1425 1499 1453 i.
1515 1424 1543 1460 5,
1559 1423 1587 1454 2.
1630 1423 1665 1454 Id
1691 1434 1776 1464 spero
1797 1425 1884 1464 adju·
1899 1452 1904 1457 .

1380 1468 1463 1492 turos
1484 1463 1572 1492 Deos.
1617 1463 1699 1493 And.
1717 1465 1756 1493 iii.
1780 1463 1809 1499 2,
1832 1463 1882 1494 42.

1379 1502 1440 1531 Per
1454 1507 1482 1531 te
1497 1502 1579 1531 Deos
1590 1512 1649 1532 oro.
1695 1503 1775 1532 And.
1792 1503 1836 1533 iii.
1853 1502 1883 1540 3,

1378 1541 1406 1571 6.
1430 1542 1519 1577 Quod
1534 1541 1582 1570 Di
1593 1542 1782 1580 prohibeant.
1802 1543 1884 1572 And.

1379 1581 1424 1610 iii.
1441 1580 1468 1617 3,
1485 1580 1531 1610 36.
1562 1581 1630 1610 Nisi
1646 1581 1719 1620 quid
1733 1581 1782 1611 Di
1791 1582 1884 1619 respi-

1378 1620 1472 1648 ciunt.
1503 1619 1584 1649 And.
1611 1621 1651 1650 iv,
1670 1620 1696 1657 l,
1713 1619 1758 1650 18.
1802 1620 1884 1650 Mihi

1379 1658 1461 1688 Deos
1470 1659 1565 1688 fuisse
1579 1659 1679 1688 iratos.
1703 1659 1783 1690 And.
1800 1660 1839 1689 ἰν.
1857 1658 1884 1696 l,

1379 1697 1426 1727 40.
1467 1697 1516 1727 Di
1529 1702 1660 1727 vestram
1677 1699 1779 1728 fidem.
1802 1699 1884 1728 And.
1943 1718 1948 1724 ‹

1379 1737 1419 1766 iv.
1436 1736 1464 1773 3,
1482 1736 1507 1765 1.
1549 1737 1610 1766 Dis
1630 1737 1679 1776 pol
1701 1737 1798 1767 habeo
1820 1748 1886 1777 gra-

1381 1777 1465 1806 tiam.
1489 1775 1572 1806 And.
1597 1776 1637 1806 iv.
1661 1777 1689 1812 4,
1704 1776 1752 1806 31.
1794 1776 1887 1807 Solus

1380 1820 1425 1845 est
1440 1825 1531 1853 quem
1543 1814 1676 1853 diligunt
1685 1815 1741 1845 Di.
1764 1816 1844 1845 And.
1857 1826 1886 1846 v.

1381 1854 1410 1890 6,
1438 1854 1466 1884 9.
1517 1854 1561 1883 Ut
1597 1853 1687 1884 illum
1725 1854 1773 1884 Di
1801 1854 1887 1884 Deae

1381 1893 1781 1962 Εῃῑὲιεῖίῗεηίλιὶυῒρεῗὲῃι.
1806 1893 1886 1962 Ilflunt.

1382 1942 1412 1962 ιι.
1450 1956 1457 1969 ,
1513 1956 1519 1962 .
1644 1943 1660 1962 e
1717 1943 1728 1962 i
1787 1943 1885 1963 nan.

1383 1971 1463 2000 Eun.
1481 1972 1525 2002 iii.
1543 1970 1571 2009 1,
1586 1970 1633 2001 41.
1655 1942 1834 2001 Βεαηιρξεεθ
1853 1972 1886 2002 in

1382 2010 1538 2040 hominem
1576 2013 1770 2041 convertisse.
1805 2011 1886 2041 Eun.

1382 2050 1426 2080 iii.
1441 2049 1470 2086 5,
1485 2050 1532 2080 40.
1577 2049 1624 2079 Ita
1640 2060 1690 2079 me
1707 2050 1755 2080 Di
1770 2055 1885 2079 ament.

1383 2088 1463 2118 Eun.
1481 2090 1520 2118 iv.
1539 2088 1565 2125 l,
1582 2087 1609 2118 l.
1642 2089 1768 2118 Utinam
1785 2089 1828 2118 ita
1843 2089 1889 2118 Di

1381 2129 1488 2157 faxint.
1520 2128 1632 2157 Heaut.
1650 2128 1667 2157 i.
1686 2127 1713 2163 l,
1730 2127 1794 2157 109.
1837 2127 1888 2158 Sic

1381 2176 1430 2195 me
1439 2166 1487 2195 Di
1499 2167 1651 2195 amabunt.
1677 2166 1790 2197 Heaut.
1803 2167 1847 2197 iii.
1861 2166 1888 2204 l,

1381 2204 1427 2234 54.
1445 2205 1600 2241 Quantum
1613 2205 1695 2234 tibio
1715 2205 1801 2235 isDz‘
1803 2206 1887 2236 dant.

1383 2244 1494 2273 Heaut.
1508 2244 1550 2273 iii.
1568 2244 1596 2280 3,
1611 2243 1657 2274 31.
1704 2250 1755 2274 tte
1764 2245 1888 2283 quidem

1382 2293 1487 2312 omnes
1495 2283 1555 2312 Dii
1568 2283 1722 2322 Deaeque,
1738 2289 1889 2322 quantum

1381 2327 1426 2351 est
1442 2345 1449 2351 .
1467 2345 1474 2351 .
1492 2345 1499 2352 .
1522 2322 1671 2360 perduint.
1705 2322 1818 2353 Heaut.
1838 2323 1887 2352 -ἰν,

1381 2361 1410 2397 6,
1433 2361 1461 2390 6.
1503 2361 1552 2390 Di
1578 2361 1671 2390 istaec
1697 2362 1886 2400 prohibeant.

1382 2400 1495 2429 Heaut.
1526 2411 1552 2429 v.
1581 2400 1610 2436 4,
1640 2399 1685 2430 15.
1739 2401 1830 2430 Facio
1857 2405 1888 2430 te

1381 2439 1458 2476 apud
1480 2438 1570 2468 illum
1585 2439 1694 2469 Deum.
1719 2439 1779 2469 Ad.
1801 2440 1842 2469 iv.
1860 2438 1888 2476 1,

1384 2477 1428 2507 19.
1472 2478 1520 2507 Di
1530 2479 1606 2507 bene
1619 2483 1750 2508 vortant.
1774 2478 1886 2508 Ad.iv.

1382 2517 1410 2553 7,
1437 2516 1482 2546 10.
1526 2517 1572 2546 Di
1595 2518 1676 2546 boni.
1702 2518 1760 2547 Ad.
1785 2517 1830 2547 iii.
1858 2516 1887 2553 3.

1382 2556 1428 2585 86.
1453 2556 1512 2585 Pro
1525 2556 1571 2585 Di
1581 2555 1778 2586 immortales.
1792 2555 1888 2586 Adel-

1402 2594 1434 2624 hi
1449 2595 1493 2625 iii.
1522 2595 1550 2631 4,
1578 2594 1603 2624 1.
1646 2595 1731 2626 Deus
1757 2605 1837 2632 sum,
1861 2596 1886 2624 si

1382 2605 1438 2663 lioc
1459 2635 1502 2663 ita
1516 2639 1570 2663 est.
1596 2633 1672 2663 Hec.
1690 2644 1717 2664 v.
1733 2635 1762 2670 4,
1777 2633 1804 2663 3.
1849 2633 1887 2663 ld

1383 2677 1476 2702 testor
1501 2673 1591 2702 Deos.
1617 2673 1693 2702 Hec.
1718 2673 1762 2702 iii.
1789 2672 1818 2709 5,
1837 2671 1886 2703 26.

1383 2712 1453 2741 Νοη
1482 2716 1515 2741 tu
1544 2712 1626 2740 hunc
1653 2711 1763 2741 habeas
1797 2711 1888 2751 phne

1401 2755 1568 2780 raesentem
1578 2750 1700 2780 Deum?
1719 2750 1844 2780 Phorm.
1854 2750 1885 2780 ii.

1403 2813 1410 2822 ,
1437 2789 1483 2819 31.
1529 2790 1573 2818 Di
1599 2790 1656 2818 tibi
1683 2789 1885 2818 malefaciant.

1383 2828 1506 2858 Phorm.
1530 2829 1560 2857 ii.
1585 2828 1614 2865 3,
1635 2827 1682 2861 47.
1727 2828 1790 2866 Ego
1805 2827 1888 2858 Deos

1382 2867 1622 2935 Ξῗὲἑῖῗῖιεῖἑῖ-’ἷῖἰν
1637 2866 1803 2935 δ”ιιῗιξίῗὲῗ
1813 2867 1887 2934 ndi'

1383 2944 1429 2974 82.
1472 2945 1546 2974 Sine
1559 2945 1764 2974 controversia
1777 2945 1815 2974 ab
1826 2943 1888 2973 Dis

1382 2983 1464 3013 solus
1486 2983 1618 3022 diligere.
1650 2983 1773 3013 Phorm.
1803 2993 1830 3013 v.
1857 2982 1886 3018 6,

1385 3022 1429 3052 14.
1454 3022 1500 3052 Di
1508 3032 1561 3052 nos
1570 3023 1743 3061 respiciunt.
1761 3022 1884 3052 Phorm.
