2020 3412
271 267 356 310 594

271 384 422 412 moratam
443 381 606 412 moribus?
638 381 715 411 Hec.
738 381 777 411 iv.

271 424 300 459 4'
310 421 441 499 {limus}
463 460 511 491 Ne
524 461 562 490 ad
575 459 709 490 morum
721 459 779 489 hoc

271 500 374 530 etiam.
412 499 493 530 And.
526 501 545 531 i.
581 499 611 536 5,
645 499 692 529 65.
736 499 777 528 Di

276 540 465 585 boni,.quid
495 539 552 569 hoc
586 538 682 568 morbi
707 540 780 568 est?
804 555 806 577 ⁴.

273 578 352 608 Eun.
369 579 400 608 ii.
416 578 442 615 1,
460 578 504 607 19.
547 578 581 608 Si
603 578 680 607 forte
700 587 778 606 mor-

271 618 323 647 bus
335 617 466 656 amplior
478 618 577 647 factus
592 618 657 646 siet.
687 617 778 645 Mor-

271 657 324 686 bus
337 658 387 695 qui
403 662 510 686 auctus
524 658 572 686 sit.
597 656 673 685 Hec.
690 656 734 684 iii.
752 654 779 690 1,

272 696 322 733 50,
337 695 385 725 54.
421 696 503 725 Male
518 700 622 724 metuo
647 705 685 724 ne
699 704 779 723 mor-

272 735 326 765 bus
349 736 445 773 magis
468 739 666 773 aggravescat.
701 734 778 763 Hec.

273 775 318 804 iii.
331 774 360 810 2,
370 774 397 803 2.
422 774 497 803 Alio
511 774 665 812 suspicans
680 772 779 802 morbo
806 772 807 799 l

272 823 322 843 me
348 814 488 842 visurum
515 813 664 842 affectam.
701 812 778 842 Hec.

271 853 315 883 iii.
326 853 354 888 3,
365 852 392 882 (ἰ.
417 852 473 881 Pol
488 862 538 881 me
553 852 687 881 detinuit
701 862 780 880 mor-

269 891 333 921 bus.
358 891 506 921 Senectus
519 891 581 930 ipsa
593 896 639 921 est
652 890 778 921 morbus.

274 931 398 960 Phorm.
416 931 455 961 iv.
475 930 501 963 l,
517 930 545 967 8,
561 930 589 961 9.

311 970 447 1005 mordeo]
479 970 628 1000 Mordere
658 969 780 999 clancu-

271 1008 348 1039 lum.
410 1009 500 1046 Quod
533 1019 602 1039 eam
635 1009 778 1038 mordeat.

276 1048 356 1078 Eun.
373 1049 415 1078 iii.
435 1048 461 1086 l,
482 1047 531 1084 21,
554 1048 602 1078 55.
644 1048 677 1078 Si
698 1049 730 1078 id
751 1052 781 1077 te

273 1088 398 1118 mordet.
422 1087 555 1127 Adelph.
570 1098 599 1118 v.
617 1087 644 1124 3,
658 1086 707 1117 21.

314 1127 491 1165 morigeror]
514 1126 712 1157 Adolescenti
736 1136 781 1156 es-

271 1167 550 1235 {eslgrwriyeralus
588 1165 740 1205 Adelph„
748 1166 781 1195 ii.

294 1228 302 1242 ,
359 1229 365 1235 .

313 1245 488 1283 moriqerus]
524 1244 593 1274 Tibi
633 1244 782 1283 moriyera

275 1284 336 1313 fuit
356 1284 389 1313 in
410 1284 500 1314 rebus
519 1284 671 1313 omnibus.
697 1284 779 1313 And.

275 1323 296 1353 i.
312 1323 342 1361 5,
356 1323 404 1353 59.

314 1363 440 1397 morior]
471 1362 543 1392 Jam
586 1362 683 1391 ferme
720 1372 781 1391 mo-

275 1402 355 1431 riens
368 1412 418 1431 me
432 1405 527 1431 vocat.
557 1401 638 1430 And.
654 1403 673 1430 i.
689 1401 717 1438 5,
733 1400 780 1431 49.

275 1441 368 1470 Mori
387 1450 437 1469 me
456 1440 573 1470 malim.
611 1441 691 1470 Eun.
715 1441 734 1470 i.
755 1440 781 1476 l,

274 1479 323 1510 21.
356 1480 447 1509 Mori
460 1490 509 1509 me
524 1480 604 1509 satin
622 1485 675 1509 est.
699 1479 780 1508 Eun.

274 1520 315 1548 iv.
329 1518 359 1555 7,
372 1518 399 1548 2.
443 1518 502 1548 Ille
517 1519 572 1548 tibi
587 1519 714 1548 moriens
728 1528 783 1548 nos

276 1558 511 1588 commendavit.
545 1557 677 1596 Adelph.
694 1558 736 1587 iii.
753 1558 782 1593 4,

278 1597 324 1628 ll.
367 1597 430 1633 Qui
459 1598 496 1627 ab
526 1597 606 1626 Orco
633 1600 782 1626 mortuum

277 1647 327 1666 me
342 1637 484 1666 reducem
501 1636 533 1665 in
547 1635 648 1666 lucem
666 1637 781 1666 feceris.

278 1676 357 1706 Hec.
372 1686 401 1705 v.
424 1676 453 1711 4,
478 1675 523 1710 12,
543 1675 589 1705 35.
644 1675 693 1705 De
717 1675 784 1715 ejus

277 1725 348 1751 una,
363 1720 398 1744 ut
418 1715 520 1752 audio,
535 1719 588 1744 aut
606 1715 710 1744 vivam
730 1719 784 1744 aut

276 1755 393 1784 moriar
407 1755 568 1784 sententia.
596 1754 722 1784 Phorm.
739 1755 783 1784 iii.

278 1793 305 1829 l,
333 1792 378 1823 19.
431 1793 532 1823 Verba
557 1793 636 1823 fiunt
659 1797 782 1823 mortuo.

276 1832 402 1863 Phorm.
428 1843 457 1862 v.
480 1832 509 1870 8,
529 1832 577 1862 26.
606 1832 666 1862 Ad.
688 1833 732 1862 iii.
755 1832 785 1867 4,

277 1872 325 1906 47.
349 1871 473 1902 Phorm.
484 1872 504 1902 i.
516 1871 546 1909 2,
558 1871 605 1902 46.
642 1871 675 1901 Si
691 1882 785 1901 more-

275 1914 368 1941 retur.
393 1911 506 1941 Heaut.
522 1913 560 1940 iv.
576 1910 602 1947 l,
617 1910 665 1940 39.

317 1953 430 1986 moror]
448 1951 531 1987 Quid
542 1949 651 1980 multis
661 1950 785 1980 moror?

280 1989 362 2019 And.
379 1990 398 2019 i.
424 1989 451 2025 l,
472 1989 519 2021 87.
563 1989 653 2019 Nihil
673 1999 783 2018 moror.

279 2028 361 2059 Eun.
378 2029 397 2058 i.
413 2028 442 2064 2,
460 2028 524 2058 104.
569 2029 632 2058 Ubi
653 2029 708 2064 vis,
724 2038 786 2058 non

277 2077 387 2097 moror.
418 2067 499 2097 Eun.
515 2068 555 2097 iii.
571 2068 601 2104 2,
618 2067 663 2102 17.
707 2067 785 2106 Ego-

278 2111 343 2136 met
367 2107 510 2136 convivas
530 2117 639 2136 moror.
669 2107 784 2137 Heaut.

279 2146 300 2176 i.
328 2145 355 2182 1,
382 2145 448 2175 120.
484 2146 609 2176 Phorm.
636 2147 677 2176 iv.
700 2145 729 2184 5,
757 2145 784 2175 6.

281 2185 394 2214 Heaut.
411 2185 451 2214 iv.
468 2184 496 2221 7,
510 2184 538 2214 6.

281 2222 416 2292 Axl'ifri]
430 2260 450 2290 3
464 2223 518 2291 Iis
539 2223 700 2291 ⁰¹1³>ii2t0r1⁷1l³⁰
701 2226 784 2290 '2²⁶3'

357 2285 364 2292 .
401 2285 407 2291 .
451 2285 459 2299 ,
519 2285 525 2291 .
678 2284 685 2291 .
730 2285 736 2291 .
778 2284 786 2297 ,

279 2301 328 2331 30.
380 2300 475 2330 Mors
512 2301 659 2329 continuo
692 2300 700 2328 i
723 2309 786 2329 sam

280 2343 415 2378 occupat.
440 2339 521 2368 And.
534 2340 555 2369 i.
566 2339 596 2374 5,
606 2339 652 2368 62.
720 2348 787 2375 ane,

280 2379 340 2409 nisi
359 2387 439 2408 mors
457 2378 536 2408 mihi
554 2378 667 2407 adimet
686 2387 785 2407 nemo.

283 2418 364 2448 And.
381 2418 420 2448 iv,
436 2417 466 2454 2,
482 2416 528 2447 14.
572 2416 724 2446 Mulcavit
738 2426 787 2445 us-

302 2467 341 2487 ue
358 2457 397 2487 ad
410 2459 541 2487 moriem.
575 2455 707 2495 Adelph.
723 2455 741 2484 i.
757 2455 786 2491 2,

281 2467 331 2527 (10.
355 2496 457 2526 Meam
469 2498 592 2525 mortem
601 2499 785 2533 exspectant.

284 2535 363 2566 Adel
386 2535 416 2565 h.
432 2545 460 2565 v.
482 2534 512 2571 4,
528 2533 576 2564 20.
607 2534 684 2563 Hec.
701 2533 742 2562 iii.
757 2534 786 2570 4,

282 2574 310 2604 8.
384 2573 514 2604 imulare
534 2576 656 2602 mortem
677 2572 786 2602 verbis.

281 2614 397 2644 Heaut.
431 2614 471 2643 iv.
506 2611 534 2649 l,
566 2611 615 2642 23.
667 2611 789 2641 Interea

280 2663 400 2692 semper
425 2655 550 2683 mortem
578 2651 786 2689 exspectabam

282 2693 384 2722 miser.
417 2692 494 2721 Hec.
517 2691 562 2720 iii.
586 2691 615 2726 4,
634 2690 662 2723 7.
715 2689 786 2720 Jam

281 2731 430 2799 degffliiici
443 2733 536 2760 morte
549 2730 645 2769 cupio.
662 2729 786 2759 Phorm.

282 2780 302 2800 x.
341 2793 348 2807 ,
404 2793 410 2800 .

333 2812 407 2845 mos]
444 2808 568 2847 Proprie
602 2808 686 2837 adest
718 2816 787 2836 cum

281 2847 383 2877 alieno
416 2857 498 2877 more
531 2847 699 2876 vivendum
742 2851 789 2876 est

282 2886 370 2916 mihi.
402 2886 484 2916 And.
509 2886 528 2915 i.
559 2884 586 2922 1,
611 2884 676 2926 125.
727 2884 789 2914 Hic

281 2926 347 2955 dies
370 2925 464 2955 aliam
485 2925 580 2954 vitam
601 2925 699 2959 affert,
713 2923 789 2954 alios

282 2974 379 2994 mores
393 2963 534 3003 postulat.
558 2963 642 2993 And.
659 2965 678 2993 i.
693 2963 725 3000 2,
741 2962 788 2993 18.

282 3004 401 3033 Animo
415 3012 526 3032 morem
546 3012 671 3041 gessero.
694 3002 786 3031 ·And.

280 3042 323 3072 iv.
341 3041 368 3079 1,
385 3041 430 3074 17.
473 3041 673 3072 Conveniunt
682 3050 786 3071 mores.

805 748 807 758 Α
831 732 878 762 29.

982 263 1182 308 INDEX
1209 327 1212 329 ι

833 381 915 410 And.
947 379 986 410 iv.
1010 379 1040 416 2,
1065 379 1109 409 13.
1162 378 1255 408 More
1282 377 1337 407 ho-

831 421 952 449 minum
978 419 1089 448 evenit.
1123 418 1203 447 And.
1219 427 1248 446 v.
1265 416 1294 453 6,
1308 416 1336 447 3.

833 459 957 488 Praeter
981 458 1093 488 civium
1118 466 1230 487 morem
1248 461 1338 495 atque

832 498 939 537 legem.
974 497 1055 526 And.
1081 506 1109 525 v.
1137 495 1165 532 3,
1190 495 1217 525 9.
1266 495 1337 525 Stu-

832 538 934 572 duisti,
958 537 1010 565 isti
1038 536 1153 565 formae
1177 539 1212 564 ut
1239 545 1338 564 mores

832 575 1006 606 consimiles
1026 575 1135 605 forent.
1167 574 1280 605 Heaut.
1304 575 1336 604 ii.

832 616 860 652 4,
875 615 902 644 2.
947 614 1092 643 Huncine
1116 618 1178 644 erat
1206 623 1337 652 aequum

832 665 870 683 cx
892 653 979 684 illius
999 663 1088 690 more,
1113 663 1152 682 an
1179 652 1271 682 illum
1299 663 1337 682 ex

833 693 925 733 hujus
949 693 1078 722 vivere?
1118 693 1232 723 Heaut.
1262 693 1281 722 i.
1308 692 1337 729 2,

922 732 1011 762 Nosti
1035 742 1131 762 mores
1159 732 1338 762 mulierum.

834 772 946 802 Heaut.
963 772 996 801 ii.
1007 771 1037 808 2,
1049 770 1094 801 10.
1127 771 1228 807 Quam
1240 770 1340 801 multa

833 812 948 851 injusta
974 821 1008 840 ac
1032 821 1123 850 prava
1147 811 1225 840 fiunt
1247 811 1338 840 mori-

832 850 901 881 bus?
925 850 1038 880 Heaut.
1051 851 1091 879 iv.
1105 849 1134 887 7,
1150 849 1195 880 11.
1240 850 1339 889 Cujus

832 900 894 920 mos
918 890 1054 919 maxime
1087 894 1132 919 est
1169 888 1338 919 consimilis

834 933 980 959 vestrum.
1024 928 1139 959 Heaut.
1171 929 1203 958 ii.
1235 929 1265 965 4,
1292 927 1336 958 13.

834 968 896 1005 Qui
917 968 985 998 istic
999 978 1061 998 mos
1074 972 1128 998 est.
1164 968 1278 998 Heaut.
1293 967 1338 998 iii.

834 1007 862 1044 3,
879 1007 904 1037 l.
948 1007 1145 1038 Adolescenti
1155 1017 1265 1037 morem
1276 1017 1338 1046 ges-

833 1052 899 1077 tum
922 1047 1064 1085 oportuit.
1099 1046 1231 1085 Adelph.
1256 1047 1288 1076 ii.
1310 1046 1338 1082 2,

832 1086 861 1115 6.
905 1086 951 1116 Ut
974 1086 1066 1115 homo
1089 1093 1143 1122 est,
1166 1086 1210 1116 ita
1229 1095 1341 1115 morem

853 1136 925 1156 eras.
979 1125 1111 1164 Adelph.
1148 1126 1192 1155 iii.
1229 1124 1257 1162 3,
1291 1124 1338 1156 77.

869 1165 977 1194 ancine
990 1166 1113 1194 vitam?
1141 1164 1266 1195 hoscine
1279 1174 1341 1194 mo-

834 1204 905 1234 res?
956 1203 1088 1243 Adelph.
1133 1204 1173 1233 iv.
1218 1203 1249 1241 7,
1292 1203 1338 1233 40.

835 1244 922 1280 Quae
946 1253 994 1273 res
1016 1248 1079 1273 tam
1101 1246 1226 1282 repente
1247 1252 1342 1272 mores

834 1283 965 1312 mutavit
989 1284 1080 1312 tuos?
1110 1282 1242 1320 Adelph.
1262 1292 1290 1311 v.
1312 1282 1340 1318 9,

832 1321 880 1354 27.
924 1322 975 1351 Ad
993 1321 1168 1360 exemplum
1182 1322 1340 1351 ambarum

835 1371 930 1390 mores
943 1371 1048 1390 earum
1059 1361 1245 1390 existimans.
1264 1360 1339 1390 Hec.

836 1401 855 1430 i.
871 1400 900 1437 2,
916 1400 963 1430 88.
1006 1400 1088 1436 Quid
1109 1399 1246 1430 mulieris
1265 1410 1341 1429 uxo-

835 1449 900 1468 rem
922 1439 1015 1469 habes
1038 1444 1091 1468 aut
1109 1439 1220 1477 quibus
1242 1449 1340 1468 mora-

836 1483 901 1508 tam
916 1478 1068 1508 moribus?
1098 1477 1175 1508 Hec.
1193 1479 1232 1508 iv.
1248 1479 1277 1514 4,
1291 1477 1338 1507 22.

836 1518 918 1547 Suus
951 1517 1064 1556 cuique
1097 1527 1167 1547 mos.
1214 1517 1339 1547 Phorm.

835 1557 867 1586 ii.
907 1557 936 1593 4,
971 1556 1015 1586 14.
1082 1556 1265 1586 Praesertim
1306 1562 1341 1586 ut

835 1606 918 1625 nunc
942 1600 1013 1626 sunt
1036 1605 1141 1626 mores.
1173 1595 1298 1626 Phorm.
1320 1595 1340 1625 i.

876 1676 988 1710 moveo]
1049 1673 1140 1703 Nihil
1191 1677 1343 1704 moventur

836 1714 970 1752 nuptiae.
1018 1714 1100 1743 And.
1142 1713 1187 1742 iii.
1228 1713 1258 1749 2,
1293 1712 1339 1742 36.

837 1753 932 1782 Move
959 1753 1044 1782 ocius
1068 1756 1107 1783 te.
1144 1752 1227 1782 And.
1252 1753 1290 1782 iv.
1313 1752 1342 1789 3,

839 1790 885 1821 16.
913 1792 993 1821 Eun.
1010 1802 1037 1821 v.
1055 1791 1086 1828 3,
1098 1791 1125 1821 4.
1168 1791 1234 1830 Ego
1249 1792 1342 1821 istaec

838 1841 947 1867 moveo,
968 1835 1020 1860 aut
1044 1831 1142 1860 curo?
1170 1830 1252 1860 And.
1268 1841 1297 1861 v.
1312 1831 1342 1867 4,

840 1869 884 1899 18.
938 1870 1027 1900 Nihil
1063 1880 1119 1899 nos
1152 1870 1205 1899 dos
1239 1873 1340 1900 movet.

839 1909 951 1939 Heaut.
965 1920 992 1939 v.
1010 1909 1037 1946 1,
1049 1908 1097 1939 66.
1140 1909 1253 1938 Noster
1270 1918 1343 1948 grex

837 1953 931 2017 rigetus
950 1948 1018 1978 loco
1033 1954 1086 1978 est.
1118 1947 1243 1978 Phorm.
1260 1947 1341 1978 Prol.

875 2026 956 2065 mooe]
995 2027 1078 2056 Mox
1110 2037 1164 2065 ego
1203 2027 1264 2057 huc
1297 2036 1342 2056 re-

837 2074 944 2096 vertar.
981 2066 1062 2096 And.
1098 2066 1142 2095 iii.
1177 2066 1206 2102 2,
1238 2066 1267 2103 5,
1294 2065 1342 2097 27.

836 2105 918 2134 Mox
937 2109 1031 2134 noctu
1052 2109 1082 2134 te
1102 2106 1201 2144 adiget
1218 2105 1343 2135 horsum

839 2144 997 2174 insomnia.
1046 2144 1127 2174 Eun.
1164 2145 1195 2173 ii.
1234 2143 1261 2179 l,
1297 2143 1342 2173 13.

838 2183 940 2219 Quam
967 2193 1036 2212 mom
1062 2183 1231 2212 irruimus?
1259 2182 1341 2212 Eun.

839 2222 879 2251 iv.
908 2221 937 2258 7,
967 2221 1012 2250 18.
1067 2221 1218 2259 Exspecto
1252 2231 1342 2289 qglani

839 2270 906 2289 mou·
928 2260 1041 2289 veniat.
1072 2259 1197 2290 Phorm.
1221 2261 1239 2289 i.
1284 2283 1292 2296 ‚
1315 2259 1341 2289 9.

838 2298 936 2328 Mox:
961 2308 1025 2327 cras
1048 2299 1119 2328 redi.
1154 2298 1286 2337 Adelph.
1309 2299 1341 2327 ii.

840 2336 867 2374 1,
892 2336 940 2367 50.
984 2337 1080 2366 Tuam
1107 2347 1174 2367 mox
1196 2338 1342 2375 virginem

838 2380 996 2406 arcessant.
1031 2375 1162 2415 Adelph.
1191 2387 1220 2407 v.
1251 2376 1279 2413 6,
1315 2376 1342 2406 1.

839 2415 963 2444 Phorm.
979 2416 1018 2445 iv.
1035 2413 1063 2451 3,
1081 2414 1106 2445 l.

877 2453 984 2492 mulce]
1025 2453 1107 2484 Male
1133 2453 1265 2484 mulcabo
1299 2454 1343 2493 ip-

839 2503 910 2522 sam.
944 2493 1026 2522 Eun.
1041 2493 1079 2522 iv.
1097 2493 1125 2529 7,
1139 2493 1167 2522 4.
1210 2493 1343 2523 Omnem

838 2531 990 2561 familiam
1018 2531 1159 2562 mulcavit
1186 2542 1222 2562 us
1245 2543 1282 2562 ue
1306 2534 1342 2562 ad

838 2576 977 2600 mortem.
1001 2570 1080 2600 Adel
1103 2571 1132 2601 h.
1149 2571 1168 2600 i.
1184 2571 1214 2608 2,
1249 2571 1275 2601 0.

877 2609 1038 2645 muliebris]
1112 2609 1177 2640 ulla
1204 2610 1285 2640 mala
1312 2621 1344 2640 re

838 2659 902 2679 esse
964 2648 1131 2687 expolitam

841 2688 951 2718 Heaut.
967 2688 1000 2717 ii.
1018 2687 1045 2722 3,
1061 2687 1107 2718 48.

879 2726 1002 2765 mulier]
1028 2726 1087 2755 Illa
1110 2726 1278 2757 temulenta
1299 2732 1344 2758 est

840 2765 947 2795 mulier
966 2770 999 2795 et
1022 2766 1191 2796 temeraria.
1224 2766 1305 2796 And.
1323 2768 1342 2797 i.

839 2805 868 2839 4,
901 2804 930 2834 2.
987 2804 1106 2834 Mirum
1140 2815 1212 2834 vero
1246 2806 1343 2844 impu-

839 2845 946 2873 denter
968 2842 1076 2872 mulier
1097 2844 1122 2873 si
1151 2844 1224 2873 facit
1248 2854 1344 2874 mere-

841 2883 902 2912 trix
913 2884 928 2912 ?
947 2882 1028 2911 And.
1045 2883 1083 2911 iv.
1099 2883 1128 2919 4,
1146 2882 1189 2912 16.
1232 2882 1344 2913 Senem

840 2921 1000 2951 mulierem.
1047 2920 1128 2951 Eun.
1162 2922 1195 2951 ii.
1234 2921 1263 2958 3,
1296 2922 1342 2952 65.

842 2961 924 2990 Novi
973 2960 1007 2989 in
1027 2961 1131 2989 eninm
1174 2960 1342 2990 mulierum.

842 3000 922 3029 Eun.
948 3000 987 3029 ἰν.
1034 3022 1042 3035 ,
1066 2998 1114 3028 42.
1167 2999 1282 3029 Vereor
1306 3010 1344 3029 ne

842 3038 949 3069 mulier
974 3042 1114 3077 corrupta
1142 3038 1192 3068 sit.
1228 3038 1341 3068 Heaut.

1198 2649 1342 2679 muliebri.

1389 377 1420 407 ii.
1432 377 1462 414 2,
1476 377 1505 408 2.
1546 376 1668 407 Mulier
1682 376 1841 411 commoda
1860 380 1892 407 et

1388 417 1494 447 faceta.
1517 416 1630 446 Heaut.
1643 415 1689 446 iii.
1701 414 1731 452 2,
1743 414 1789 446 10.
1819 415 1892 446 Non

1388 457 1515 487 auderet
1547 456 1645 485 facere
1677 453 1752 484 haec
1782 455 1892 489 viduae

1389 495 1516 525 mulieri.
1558 494 1672 524 Heaut.
1709 504 1738 524 V.
1779 493 1805 529 l,
1843 493 1891 525 80.

1389 534 1538 564 Mulieres
1546 532 1751 574 pauperculae.
1760 532 1892 572 Adelph.

1390 574 1429 603 iv.
1446 573 1475 610 5,
1492 573 1536 603 13.
1581 573 1677 602 Utine
1701 582 1807 602 omnes
1828 582 1893 603 mu-

1388 612 1476 642 lieres
1497 613 1603 642 eadem
1626 621 1721 651 aeque
1753 611 1894 642 studeant

1390 652 1551 691 nolintque
1565 652 1692 681 omnia?
1723 650 1800 691 Hec.
1816 651 1848 681 ii.
1865 649 1893 688 l,

1388 690 1416 721 2.
1458 691 1607 721 Mulieres
1633 693 1703 721 sunt
1732 689 1828 721 fimne
1858 695 1895 720 ut

1389 730 1473 769 pueri
1517 730 1579 760 levi
1612 729 1772 760 sententia.
1815 729 1891 759 Hec.

1389 770 1434 800 iii.
1456 769 1483 806 1,
1506 769 1553 799 32.
1603 771 1734 799 Amarae
1756 768 1895 798 mulieres

1389 812 1469 839 sunt.
1493 808 1570 838 Hec.
1586 809 1626 839 iv,
1638 809 1669 847 4,
1683 809 1733 839 88.
1774 807 1895 847 Vulgus

1389 849 1470 886 quod
1501 847 1581 878 male
1616 848 1701 878 audit
1727 846 1895 879 mulierum.

1391 887 1467 917 Hec.
1491 888 1532 917 iv.
1553 887 1583 925 2,
1606 887 1655 919 24.
1686 886 1807 918 Mulier
1828 896 1894 917 mu·

1389 926 1458 956 lieri
1471 927 1565 966 magis
1578 932 1731 966 congruet.
1767 925 1892 958 Phorm.

1390 967 1429 996 iv.
1446 965 1474 1003 5,
1488 964 1533 996 14.
1576 966 1764 998 Adolescens
1776 965 1892 997 mulier.

1391 1005 1516 1035 Phorm.
1531 1015 1560 1036 v.
1577 1005 1604 1040 3,
1621 1005 1667 1036 11.
1707 1005 1830 1036 Mulier
1848 1015 1894 1035 sa-

1390 1045 1476 1083 piens
1499 1054 1540 1075 es.
1573 1044 1696 1076 Phorm.
1712 1055 1742 1076 v.
1757 1045 1786 1082 8,
1799 1044 1850 1082 57,
1863 1049 1896 1075 et

1389 1085 1498 1123 passim
1511 1083 1595 1114 alibi.

1429 1122 1618 1163 muliercula]
1658 1122 1767 1153 Potius
1801 1132 1894 1162 quam

1391 1162 1645 1201 paterere‘filium
1660 1169 1843 1192 commetat-e
1856 1162 1894 1191 ad

1390 1201 1606 1231 mulierculam.
1647 1201 1760 1232 Hmut.
1789 1202 1832 1231 iii.
1866 1200 1895 1238 l,

1391 1240 1439 1271 35.
1485 1240 1703 1271 Mulier-culam
1724 1250 1791 1270 eam
1813 1250 1896 1271 com-

1391 1280 1506 1319 pressit.
1549 1280 1674 1310 Phorm.
1689 1290 1718 1310 v.
1733 1279 1762 1317 8,
1777 1279 1825 1311 28.

1431 1319 1624 1354 multimodis]
1702 1318 1898 1354 Multimodis

1391 1359 1516 1396 gaudem
1533 1358 1616 1388 And.
1632 1368 1661 1388 v.
1675 1358 1704 1395 4,
1719 1358 1766 1388 36.
1807 1356 1898 1388 Mul-

1391 1398 1511 1427 timodis
1525 1398 1660 1437 injurius
1674 1407 1713 1427 es.
1736 1397 1850 1427 Heaut.
1863 1397 1894 1427 ii.

1392 1437 1419 1473 3,
1441 1437 1489 1469 79.
1530 1437 1723 1467 Multimodis
1746 1441 1895 1476 exspecto.

1393 1476 1468 1505 Hec.
1486 1476 1517 1506 ii.
1533 1476 1561 1512 3,
1576 1475 1605 1507 7.
1649 1474 1848 1509 Multimodis
1865 1485 1899 1506 ee

1393 1515 1619 1584 {itpperaudus
1682 1515 1807 1546 Phorm.
1850 1515 1895 1546 iii.

1413 1577 1421 1591 ,
1454 1578 1460 1584 .

1431 1593 1536 1631 multo]
1551 1593 1654 1623 Aliter
1664 1593 1786 1624 evenire
1794 1592 1895 1624 multo.

1394 1633 1476 1663 And.
1511 1632 1594 1663 Prol.
1622 1633 1650 1662 4.
1701 1631 1786 1663 Illud
1818 1633 1898 1663 mihi

1392 1672 1484 1702 multo
1516 1671 1689 1702 maximum
1722 1677 1777 1703 est.
1814 1672 1895 1703 And.

1394 1711 1439 1741 iii.
1460 1710 1490 1748 2,
1510 1711 1558 1741 46.
1601 1711 1632 1741 Is
1653 1715 1795 1750 quaestus
1815 1721 1898 1741 nunc

1394 1754 1440 1780 est
1453 1750 1544 1780 multo
1558 1750 1738 1784 uberrimus.
1766 1749 1848 1780 Eun.
1863 1750 1896 1780 ii.

1393 1789 1422 1826 2,
1436 1789 1484 1819 22.
1513 1789 1616 1820 Multo
1630 1789 1762 1820 hilarior.
1793 1788 1899 1820 Mauo

1393 1829 1574 1859 antevenit?
1603 1828 1684 1859 Eun.
1705 1829 1747 1859 iv.
1770 1828 1800 1866 5,
1819 1828 1850 1865 5,
1868 1828 1896 1860 7.

1394 1867 1498 1898 Multo
1513 1868 1651 1898 omnium
1671 1878 1721 1898 me
1740 1877 1822 1899 nunc
1838 1867 1899 1898 for-

1395 1907 1624 1937 tunatissimum
1667 1907 1782 1938 factum
1844 1912 1899 1943 uto

1395 1956 1467 1976 esse.
1497 1946 1609 1976 Heaut.
1633 1946 1675 1976 iv.
1699 1945 1729 1983 8,
1753 1945 1779 1976 l.
1820 1917 1897 1976 Em-

1397 1986 1462 2015 vius
1476 1985 1567 2016 multo
1581 1995 1615 2015 ac
1636 1986 1750 2015 durius.
1782 1985 1897 2018 Heaut.

1395 2035 1422 2055 v.
1440 2023 1469 2062 2,
1489 2025 1516 2054 4.
1572 2024 1640 2054 Hac
1663 2024 1754 2054 multo
1777 2025 1900 2064 propius

1394 2064 1460 2094 ibis.
1490 2063 1623 2103 Adelph.
1638 2064 1678 2093 iv.
1692 2063 1723 2101 2,
1737 2062 1786 2095 41.

1441 2103 1582 2142 multum]
1626 2102 1717 2133 Salve
1765 2101 1897 2133 nultum

1395 2141 1472 2171 Hec.
1495 2142 1515 2172 i.
1536 2141 1566 2178 2,
1586 2141 1614 2174 7.
1657 2142 1751 2173 Haud
1773 2141 1899 2172 multum

1395 2180 1538 2210 heredem
1558 2180 1680 2219 juvant.
1715 2180 1792 2211 Hec.
1808 2180 1852 2210 iii.
1867 2180 1898 2218 5,

1396 2218 1442 2249 10.
1484 2219 1548 2249 Nec
1576 2229 1626 2249 me
1652 2218 1778 2249 mullum
1805 2218 1897 2250 finit.

1395 2254 1471 2287 Hec.
1492 2268 1522 2288 v.
1548 2257 1574 2295 l,
1594 2257 1622 2288 2.
1677 2258 1749 2289 Non
1774 2258 1900 2289 multum

1393 2297 1485 2326 habet
1535 2297 1615 2336 quod
1665 2298 1718 2327 det
1762 2297 1897 2329 forts-sse.

1395 2336 1518 2366 Phorm.
1535 2338 1554 2366 i.
1569 2335 1599 2372 2,
1615 2336 1661 2366 95.

1433 2376 1558 2414 multus]
1592 2375 1676 2412 Quid
1703 2375 1804 2406 multis
1833 2385 1899 2406 mo·

1394 2416 1464 2444 ror?
1499 2415 1578 2444 And.
1603 2415 1623 2444 i.
1652 2413 1678 2451 l,
1703 2414 1751 2453 87.
1791 2414 1900 2445 Multa

1395 2458 1581 2483 concurrunt
1604 2453 1706 2484 simul.
1744 2453 1828 2485 And.
1851 2453 1897 2484 iii.

1394 2492 1423 2529 2,
1434 2492 1480 2522 31.
1515 2493 1623 2523 Habeo
1636 2492 1697 2523 alia
1709 2492 1804 2522 multa
1816 2502 1900 2523 nunc-

1395 2532 1711 2605 tllpaeffunzlonabiiiur.
1724 2531 1807 2562 Eun.
1815 2530 1898 2562 Prol.

1435 2595 1441 2600 .
1551 2581 1655 2601 aesun
1679 2581 1785 2601 causae
1813 2580 1900 2602 unm-

1395 2611 1509 2640 obrem.
1540 2610 1620 2640 Eun.
1643 2610 1663 2640 i.
1679 2609 1713 2647 2,
1731 2610 1779 2640 65.
1793 2580 1900 2646 unid

1394 2650 1452 2678 tibi
1477 2659 1531 2687 ego
1554 2649 1650 2679 multa
1669 2649 1794 2679 dicam?
1816 2648 1898 2679 Eun.

1394 2688 1437 2717 iii.
1453 2687 1483 2725 2,
1496 2688 1544 2719 43.
1588 2687 1671 2725 Quid
1681 2688 1776 2717 multa
1785 2687 1900 2717 verba?

1395 2727 1476 2757 Eun.
1497 2728 1541 2757 iii.
1565 2726 1595 2764 5,
1615 2726 1662 2757 20.
1705 2726 1901 2757 Concurrunt

1396 2766 1504 2795 multae
1532 2766 1695 2805 opiniones.
1731 2765 1845 2798 Heaut.
1867 2765 1898 2795 ii.

1395 2805 1424 2839 2,
1439 2804 1467 2834 3.
1509 2805 1610 2840 Quam
1625 2804 1720 2834 multa
1734 2805 1850 2844 injusta
1865 2813 1900 2835 ae

1395 2853 1485 2882 prava
1499 2844 1578 2873 fiunt
1595 2843 1757 2873 moribus?
1784 2843 1899 2873 Heaut.

1397 2884 1436 2912 iv.
1452 2882 1482 2920 7,
1499 2881 1543 2912 ll.
1585 2881 1693 2912 Μαίἰα
1706 2893 1744 2911 ex
1760 2892 1820 2921 quo
1833 2882 1899 2912 fue-

1395 2922 1459 2950 rint
1493 2921 1661 2958 commoda,
1689 2922 1757 2960 ejus
1783 2921 1901 2951 incom-

1395 2960 1629 3028 moga4a2equum
1648 2964 1693 2989 est
1709 2961 1795 2990 ferre.
1821 2959 1898 2991 Hec-

1395 3010 1423 3029 v.
1461 3022 1469 3035 ,
1525 3022 1531 3028 .

1435 3036 1580 3076 mundus]
1608 3036 1694 3067 Dum
1720 3037 1794 3068 foris
1819 3040 1904 3074 mni,
