2020 3412
249 279 306 321 46

930 278 1185 322 ANDRIA.

367 393 487 441 Quae
507 393 678 450 incepta
699 409 723 436 a
742 394 887 450 parvis
908 408 1006 435 cum
1027 397 1166 435 aetate
1186 391 1371 435 accrevit
1392 391 1531 443 simul,

364 459 533 516 Perque
554 460 727 501 unicam
747 464 925 516 gnatam
946 464 1066 500 tuam
1086 463 1129 499 et
1151 462 1334 513 gnatum
1352 473 1510 509 meum,

366 525 498 582 Cujus
518 526 598 567 tibi
620 531 805 581 potestas
827 539 992 566 summa
1014 523 1213 565 servandi
1233 523 1373 573 datur,

365 591 428 633 Ut
448 607 517 633 me
538 592 713 647 adjuves
734 591 779 632 in
801 591 881 631 hac
902 604 960 638 re,
983 593 1112 643 atque
1132 588 1194 629 ita
1215 593 1264 629 ut
1284 588 1461 643 nuptiae
1825 602 1868 633 10

364 657 556 698 Fuerant
577 656 746 697 futurae
768 655 886 696 fiant.
954 653 1026 694 Cla.
1059 652 1133 693 Ah
1154 668 1209 694 110
1228 668 1297 694 1110
1318 654 1515 696 obsecra:

365 722 498 769 Quasi
518 722 598 762 hoc
619 726 662 762 te
683 720 843 761 orando
865 734 889 759 a
909 733 978 759 me
998 718 1230 773 impetrare
1251 723 1456 774 oporteat.

362 787 514 829 Alium
535 802 622 828 esse
643 801 786 827 censes
806 799 921 826 nunc
942 799 1010 825 me
1032 789 1160 839 atque
1181 784 1285 826 oh'm
1305 801 1404 827 cum
1424 786 1579 828 dabam
1592 786 1613 828 Ρ

364 853 409 895 Si
430 854 476 894 in
497 868 588 893 rem
609 856 672 892 est
692 851 865 905 utrique
885 854 935 890 ut
955 849 1075 899 fiant,
1099 850 1254 892 arcessi
1269 851 1386 907 jube.

362 918 445 960 Sed
466 918 502 959 si
522 933 576 959 ex
597 932 646 958 ea
666 932 711 957 re
732 915 828 971 plus
848 914 954 956 mali
974 920 1037 956 est
1058 930 1189 971 quam
1210 916 1421 958 commodi
1743 909 1751 919 ”’
1821 929 1865 960 15

360 983 558 1038 Utrique,
581 981 627 1022 id
647 997 719 1022 oro
740 986 783 1022 te
804 980 851 1021 in
871 995 1096 1021 commune
1115 985 1165 1022 ut
1180 981 1392 1031 consulas,

363 1048 495 1095 Quasi
515 1047 591 1088 illa
612 1052 686 1088 tua
707 1046 775 1096 sit,
798 1045 1103 1101 Pamphilique
1125 1061 1204 1102 ego
1225 1046 1307 1088 sim
1326 1051 1460 1102 pater.

363 1113 422 1155 Si.
455 1113 551 1154 Imo
571 1112 634 1154 ita
654 1111 749 1153 volo
770 1111 916 1166 itaque
935 1111 1104 1167 postulo
1124 1117 1173 1154 ut
1193 1112 1270 1154 fiat
1291 1112 1498 1155 Chreme:

359 1180 512 1235 Neque
532 1177 743 1235 postulem
763 1178 838 1219 abs
858 1181 902 1218 te
922 1177 1007 1218 nisi
1026 1177 1119 1233 ipsa
1140 1193 1206 1219 res
1226 1183 1411 1220 moneat.
1478 1178 1551 1220 Oh.
1586 1178 1703 1226 Quid
1723 1183 1786 1222 est
1803 1180 1824 1222 ?

362 1244 421 1286 Si.
455 1243 552 1285 Irae
573 1247 672 1285 sunt
692 1243 807 1284 inter
828 1242 1080 1298 Glycerium
1101 1247 1144 1285 et
1165 1249 1358 1299 gnatum.
1426 1244 1499 1286 Oh.
1529 1243 1686 1288 Audio.
1819 1258 1864 1288 20

361 1309 421 1351 Si.
455 1309 525 1350 Ita
545 1323 728 1364 magnae
749 1312 798 1349 ut
819 1323 985 1363 sperem
1004 1323 1125 1363 posse
1147 1308 1286 1350 avelli.
1355 1308 1427 1351 Oh.
1459 1309 1663 1352 Fabulae.

361 1374 421 1416 Si.
454 1374 651 1416 Profecto
673 1373 732 1415 sic
754 1378 829 1415 est.
897 1373 969 1414 Oh.
1004 1372 1073 1415 Sic
1094 1374 1237 1416 hercle
1257 1379 1307 1416 ut
1328 1374 1469 1417 dicam
1489 1375 1598 1418 tibi:

357 1439 614 1481 Amantium
634 1439 724 1480 irae
745 1438 900 1480 amoris
920 1438 1155 1495 integratio
1176 1444 1252 1481 est.

361 1505 421 1547 Si.
454 1505 582 1555 Hem,
605 1505 651 1545 id
671 1510 714 1546 te
735 1519 808 1545 oro
828 1508 877 1545 ut
899 1509 999 1546 ante
1020 1520 1165 1546 eamus
1186 1506 1290 1547 dum
1309 1509 1480 1562 tempus
1501 1506 1641 1557 datur,

358 1571 559 1627 Dumque
580 1571 671 1627 ejus
690 1570 825 1612 libido
846 1569 1012 1612 occlusa
1033 1575 1096 1612 est
1117 1571 1398 1622 contumeliis,
1816 1584 1861 1615 25

357 1637 485 1678 Prius
506 1652 636 1693 quam
655 1636 812 1678 harum
832 1636 990 1678 scelera
1010 1641 1053 1678 et
1073 1636 1275 1679 lacrimae
1296 1637 1501 1679 confictae
1522 1637 1631 1680 dolis

356 1703 587 1744 Reducunt
608 1702 800 1744 animum
821 1707 1046 1758 aegrotum
1066 1703 1121 1744 ad
1139 1699 1499 1745 misericordiam:

357 1768 550 1811 Uxorem
569 1768 718 1809 demus
736 1783 745 1809 z
778 1783 899 1823 spero
921 1768 1226 1810 consuetudine
1247 1773 1290 1811 et

357 1835 570 1892 Conjugio
589 1834 758 1876 liberali
779 1833 1028 1875 devinctum
1050 1833 1231 1876 Chreme

356 1902 471 1944 Dein
491 1901 616 1943 facile
637 1916 692 1942 ex
711 1900 798 1942 illis
819 1915 907 1942 sese
927 1916 1192 1942 emersurum
1211 1901 1349 1943 malis.
1815 1915 1862 1945 3ο

288 2003 338 2034 12.
376 2002 476 2039 Quasi
507 2024 514 2032 .
532 2023 540 2031 .
559 2023 568 2030 .
594 1999 759 2040 oporteat]
803 1999 870 2029 ‘As
900 1999 928 2029 if
959 2009 1027 2039 you
1073 2000 1144 2031 The
1159 2000 1334 2031 sentiment
1349 2000 1376 2031 is
1392 2000 1461 2031 said
1475 2003 1511 2032 to
1526 2000 1568 2032 be
1584 2001 1750 2032 bon-owed
1774 2001 1859 2034 from

241 2046 344 2086 ought
364 2049 397 2076 to
422 2045 502 2075 have
527 2047 562 2074 to
588 2043 698 2074 obtain
723 2043 788 2072 this
814 2042 897 2072 from
918 2052 970 2072 1110
986 2042 1027 2082 by
1075 2043 1218 2081 Plautus,
1242 2044 1436 2084 Amphitryo
1460 2044 1504 2074 iii.
1530 2046 1560 2074 2.
1577 2045 1730 2076 60—62:

242 2087 436 2119 entreaties!
484 2090 492 2105 ‘
507 2086 627 2120 Quasi'
655 2086 683 2116 is
703 2085 790 2116 often
818 2085 908 2121 used,
933 2095 968 2115 as
994 2086 1028 2115 in

241 2142 301 2163 our
323 2141 394 2162 own
420 2130 529 2168 idiom,
546 2130 639 2160 when
663 2129 718 2159 the
745 2129 892 2170 opposite
914 2128 942 2159 is
968 2128 1029 2159 im·
1086 2129 1243 2160 “Verum
1266 2129 1333 2160 irae
1349 2129 1473 2170 siquae
1487 2129 1572 2160 forte
1580 2130 1734 2161 eveniunt
1745 2130 1858 2171 hujus-

241 2175 338 2216 plied.
385 2174 544 2214 Compare
558 2173 591 2203 ii.
609 2175 640 2203 5.
657 2174 700 2210 93
723 2182 753 2202 v.
770 2173 804 2202 3.
823 2173 873 2203 19.
1162 2173 1249 2203 modi

290 2219 340 2249 14.
367 2218 405 2248 Si
421 2219 455 2247 in
478 2227 546 2247 rem
567 2215 630 2256 est]
669 2215 712 2246 So
739 2215 866 2254 Hecyra
885 2214 918 2245 ii.
936 2217 967 2245 2.
985 2215 1026 2250 7:
1116 2215 1207 2246 Inter
1233 2226 1309 2246 eos:
1333 2225 1462 2247 rursum
1485 2216 1512 2247 si
1537 2219 1705 2248 reventum
1728 2217 1763 2248 111
1785 2227 1859 2258 gra·

242 2263 263 2279 ⁴¹
276 2261 373 2295 Quod
387 2263 424 2291 tu
447 2260 474 2291 si
495 2259 580 2290 idem
596 2259 716 2289 faceres
739 2258 841 2298 magis
856 2258 891 2288 in
906 2267 973 2288 rem
990 2261 1025 2288 et
1159 2259 1236 2290 tiam
1250 2262 1310 2296 est,

241 2308 386 2335 nostram
402 2307 434 2334 et
449 2306 588 2334 vostram
603 2301 636 2332 id
651 2300 771 2332 esset.¹'
800 2301 863 2332 We
878 2301 958 2332 have
973 2301 1029 2332 the
1117 2301 1173 2333 Bis
1202 2305 1294 2333 tanto
1328 2302 1422 2334 amici
1458 2307 1534 2334 sunt
1570 2303 1655 2335 inter
1684 2314 1730 2342 se,
1760 2314 1859 2345 quam

241 2347 358 2388 phrase
374 2350 382 2365 ‘
395 2357 435 2378 ex
449 2346 508 2383 re,’
526 2345 678 2376 Phormio
693 2355 724 2375 v.
738 2346 769 2376 8.
787 2345 840 2381 76.
1158 2345 1285 2386 prius.¹'

289 2392 340 2422 16.
363 2392 403 2422 In
419 2399 586 2421 commune
595 2391 633 2419 ut
649 2387 814 2428 consulas]
842 2389 851 2404 ‘
864 2387 879 2418 1
890 2387 952 2427 beg
963 2397 1028 2428 you

240 2437 276 2465 to
290 2434 367 2465 look
381 2436 416 2464 to
431 2443 491 2464 our
516 2441 668 2463 common
693 2431 837 2466 interest,
862 2441 898 2461 as
922 2431 949 2461 if
971 2431 1029 2461 she
1073 2428 1104 2460 A
1118 2430 1184 2460 line
1199 2429 1236 2460 of
1254 2429 1436 2461 Menander
1458 2430 1485 2461 is
1507 2430 1576 2462 also
1602 2431 1744 2472 quoted:
1769 2431 1856 2474 ὀργὴ

241 2487 324 2509 were
347 2487 428 2518 your
449 2475 607 2516 daughter
621 2474 686 2505 and
703 2475 811 2505 Iwere
828 2474 1027 2514 Pamphilus’
1074 2472 1268 2514 φιλούντων
1299 2473 1420 2516 ὀλίγον
1453 2473 1562 2515 ἰσχύει
1592 2475 1730 2516 χρόνον.
1790 2475 1858 2507 But

241 2520 369 2552 father!
387 2519 570 2559 SeeVirgil,
580 2518 662 2549 Aen.
674 2518 717 2548 xi.
728 2519 791 2549 335
805 2529 813 2548 :
831 2521 852 2535 ‘⁴
864 2517 1030 2548 Consulite
1073 2517 1164 2547 there
1188 2527 1290 2547 seems
1313 2527 1355 2548 no
1377 2518 1537 2558 necessity
1551 2520 1586 2549 at
1600 2518 1643 2549 all
1657 2518 1708 2549 for
1721 2518 1857 2559 imagin·

240 2564 275 2595 in
305 2562 482 2595 medium.’'
531 2563 571 2593 In
599 2562 741 2598 Plautus,
767 2561 914 2591 Asinaria
937 2561 970 2591 ii.
998 2563 1028 2592 2.
1073 2560 1129 2599 ing
1152 2560 1225 2590 that
1240 2560 1382 2591 Terence
1404 2560 1570 2592 bon-owed
1593 2561 1674 2592 from
1698 2572 1763 2603 any
1781 2571 1857 2593 one.

241 2609 305 2639 20:

342 2611 363 2625 ‘⁶
377 2607 504 2643 Metuo,
521 2606 554 2636 in
571 2614 742 2636 commune
763 2614 805 2634 ne
825 2614 921 2644 quam
943 2604 1028 2634 frau-
1073 2603 1144 2634 The
1170 2603 1241 2634 idea
1266 2604 1293 2634 is
1318 2603 1483 2635 borrowed
1511 2605 1591 2635 from
1616 2605 1766 2646 ordinary
1789 2605 1856 2643 life,

241 2651 316 2682 dem
333 2651 456 2682 frausus
476 2648 552 2680 sit.'’
599 2651 606 2666 ‘
620 2648 659 2679 Id
682 2657 738 2678 oro
753 2649 786 2677 te
800 2646 808 2660 ’
831 2648 859 2678 is
874 2647 929 2677 the
945 2650 1031 2677 most
1074 2646 1137 2676 and
1153 2646 1322 2677 Terence’s
1345 2647 1531 2687 expression
1554 2648 1612 2679 has
1626 2648 1671 2679 all
1684 2648 1741 2679 the
1755 2651 1856 2680 terse-

241 2695 367 2725 natural
390 2694 484 2725 order
506 2692 543 2723 of
563 2692 619 2722 the
641 2691 755 2726 words,
783 2690 845 2720 and
871 2690 926 2720 the
953 2690 1029 2730 only
1073 2700 1147 2720 ness
1163 2690 1200 2720 of
1218 2700 1259 2720 an
1275 2691 1409 2730 original
1425 2692 1620 2731 suggestion.

240 2748 303 2769 one
314 2737 417 2768 which
432 2736 541 2768 avoids
557 2744 646 2766 some
660 2733 758 2765 harsh
773 2733 852 2764 shift
862 2733 900 2763 of
911 2733 1028 2764 hiatus.
1118 2735 1171 2765 29.
1197 2733 1363 2773 Liberali]
1397 2734 1552 2774 Opposed
1571 2737 1606 2765 to
1638 2738 1646 2752 ‘
1662 2735 1832 2775 peregrina
1843 2733 1853 2750 ’

286 2783 338 2813 20.
362 2780 490 2821 Audio]
529 2777 711 2818 Ironically,
736 2787 771 2808 as
797 2777 825 2807 13
848 2777 960 2807 shown
986 2776 1029 2817 by
1077 2774 1136 2817 (iii.
1153 2777 1180 2806 l.
1201 2776 1267 2815 11).

242 2829 249 2843 ‘
263 2824 391 2856 fabulae
402 2823 411 2838 '
435 2824 469 2854 in
483 2823 540 2854 the
562 2821 724 2860 following
744 2820 819 2851 line.
866 2820 1026 2860 Compare
1114 2820 1165 2850 30.
1200 2820 1258 2849 Em
1291 2820 1359 2850 illis
1394 2830 1463 2851 sese
1501 2830 1702 2852 emersurum
1739 2821 1851 2863 malis]

242 2868 395 2899 Phormio
410 2878 440 2898 v.
458 2868 489 2904 7.
507 2867 560 2902 53,
577 2867 635 2896 54:
663 2867 683 2882 ‘⁴
701 2864 758 2895 Gla.
775 2863 913 2894 Missum
930 2867 964 2894 et
978 2863 1024 2893 fa·
1071 2866 1079 2880 ‘
1091 2862 1230 2902 Emergo
1244 2861 1252 2875 '
1269 2862 1296 2892 is
1307 2863 1490 2894 sometimes
1503 2864 1582 2894 used
1597 2864 1808 2905 transitively‚
1819 2874 1856 2896 as

241 2912 353 2942 cimus.
400 2911 465 2942 Ph.
484 2909 634 2940 Fabulae.
684 2907 741 2939 ΟΙι.
768 2907 903 2940 Quidvis
937 2905 1024 2936 tibi?
1068 2906 1103 2936 in
1128 2905 1185 2935 the
1205 2909 1335 2945 present
1351 2916 1493 2946 passage,
1511 2907 1571 2938 but
1591 2911 1649 2938 not
1663 2908 1696 2938 in
1712 2908 1768 2938 the
1784 2908 1856 2939 best

241 2956 420 2995 Argentum
436 2953 521 2995 quod
538 2952 637 2983 habes
651 2950 870 2982 condonamus
879 2954 923 2980 te.
958 2950 1024 2980 Plu.
1070 2948 1202 2979 writers.
1251 2949 1290 2978 In
1319 2949 1430 2980 Cicero
1454 2951 1617 2990 generally
1641 2961 1676 2981 as
1695 2961 1715 2982 a
1740 2954 1856 2982 neuter

240 2997 382 3029 Audi0,”
1069 2991 1158 3027 verb.
1169 3001 1205 3022 or
1220 2991 1254 3021 in
1269 2992 1326 3022 the
1337 2992 1462 3032 passive
1473 2993 1572 3024 voice.
1597 2994 1637 3024 In
1652 2994 1794 3035 Adelphi
1808 2994 1854 3026 iii.

284 3043 338 3073 23.
361 3041 554 3072 Amantium
578 3039 650 3070 irae
675 3060 684 3069 .
702 3059 711 3069 .
729 3060 738 3069 .
766 3036 942 3077 inteyratio
958 3036 1023 3075 eet]
1070 3037 1102 3067 2.
1118 3037 1150 3073 4,
1168 3036 1189 3053 ‘⁴
1202 3034 1300 3067 Unde
1319 3035 1439 3076 emergi
1462 3046 1528 3067 non
1543 3035 1686 3077 potest‚''
1711 3048 1759 3069 we
1774 3037 1855 3070 have
