2020 3412
252 295 339 338 276
914 290 1204 334 ADELPHI.

368 407 662 459 Patiamurne,
685 422 741 449 an
773 421 996 449 narremus
1031 404 1219 460 cuipiam
1233 404 1254 446 Ρ
1318 403 1390 446 Oa.
1421 403 1508 456 Au,
1537 405 1599 448 mi
1630 405 1771 458 homo,
1801 422 1867 450 sa-

426 488 563 515 nusne
584 488 627 514 es
644 473 665 514 P

368 537 443 580 An
473 538 554 580 hoc
585 536 889 593 proferendum
924 534 1006 577 tibi
1040 533 1212 576 videtur
1243 549 1426 590 usquam
1465 550 1553 578 esse
1567 536 1588 578 Ρ
1651 535 1724 578 Ge.
1755 535 1871 578 Mihi

429 604 604 659 quidem
623 618 710 644 non
730 602 882 656 placet.

369 669 398 710 J
401 685 470 710 am
490 669 679 724 primum
699 667 825 708 illum
845 665 984 707 alieno
1005 664 1148 707 animo
1169 679 1194 706 a
1214 665 1336 707 nobis
1357 680 1445 708 esse
1465 681 1532 708 res
1551 665 1644 722 ipsa
1664 665 1840 709 indicat.

370 734 413 775 N
415 749 498 774 unc
519 734 555 775 si
574 733 655 774 hoc
675 732 819 787 palam
838 730 1096 786 proferimus
1116 729 1190 771 1110
1211 730 1372 772 infitias
1392 731 1486 781 ibit,
1509 736 1575 773 sat
1594 731 1693 773 scio.
1824 744 1867 774 41

371 799 461 839 Tua
482 798 596 839 fama
617 802 659 838 et
682 802 837 853 gnatae
857 796 949 838 vita
969 795 1016 837 in
1036 795 1216 837 dubium
1236 796 1392 838 veniet.
1455 796 1566 838 Tum
1585 797 1622 839 si
1640 796 1829 839 maxime

370 863 590 913 Fateatur,
614 878 748 918 quum
768 867 883 904 amet
903 861 1045 912 aliam,
1067 876 1156 904 non
1176 866 1240 903 est
1259 862 1366 904 utile
1385 862 1498 904 hanc
1517 862 1587 904 1111
1606 863 1701 904 dari
1718 878 1727 904 :

372 928 642 983 Quapropter
677 943 845 984 quoquo
880 931 1006 983 pacto
1037 926 1169 969 tacito
1201 932 1266 969 est
1297 942 1414 983 opus.
1478 927 1546 970 So.
1579 927 1666 979 Ah,
1694 927 1872 970 minime

428 994 649 1049 gentium:

370 1059 471 1101 Non
491 1059 659 1100 faciam.
717 1058 787 1100 Ge.
813 1057 930 1105 Quid
949 1073 1051 1114 ages
1067 1058 1088 1100 P
1146 1057 1214 1100 So.
1238 1058 1474 1100 Proferam.
1531 1058 1603 1101 Ge.
1625 1058 1755 1110 Hem,
1776 1074 1874 1102 mea

429 1123 631 1174 Sostrata,
653 1124 752 1166 vide
773 1139 904 1179 quam
922 1140 1014 1165 rem
1034 1139 1149 1180 agas.
1826 1136 1872 1167 45

374 1189 441 1231 So.
475 1189 626 1245 Pejore
647 1205 714 1231 res
733 1189 824 1231 loco
844 1205 932 1231 non
951 1194 1092 1245 potest
1113 1204 1202 1231 esse
1222 1204 1353 1245 quam
1372 1188 1420 1230 in
1439 1204 1524 1245 quo
1543 1204 1659 1231 nunc
1680 1189 1763 1231 sita
1782 1194 1858 1232 est.

371 1254 569 1295 Primum
588 1254 783 1296 indotata
803 1259 866 1296 est
882 1271 890 1296 :
922 1259 1018 1296 tum
1036 1260 1257 1310 praeterea
1277 1269 1386 1310 quae
1407 1255 1593 1296 secunda
1614 1254 1654 1296 01
1674 1255 1750 1296 (108
1770 1259 1863 1297 erat

372 1319 509 1361 Periit
528 1336 536 1361 :
568 1335 646 1375 pro
681 1320 852 1375 virgine
885 1320 979 1361 dari
1010 1325 1196 1375 nuptum
1222 1335 1311 1362 non
1330 1324 1482 1375 potest.
1543 1319 1640 1362 Hoc
1660 1319 1875 1376 reliquum

431 1390 495 1427 est
511 1401 519 1426 :

373 1449 420 1491 Si
439 1449 600 1492 infitias
620 1449 713 1500 ibit,
736 1450 857 1492 testis
876 1465 1046 1492 mecum
1066 1454 1129 1492 est
1151 1449 1336 1491 annulus
1356 1465 1485 1505 quem
1505 1450 1717 1492 amiserat.

373 1514 606 1565 Postremo,
644 1516 814 1571 quando
849 1531 929 1572 ego
961 1515 1129 1558 conscia
1159 1515 1270 1556 mihi
1304 1530 1400 1557 sum
1424 1530 1449 1556 a
1478 1531 1547 1557 me
1582 1515 1754 1572 culpam
1785 1531 1875 1558 esse

431 1580 543 1622 hanc
562 1581 723 1636 procul,
1830 1593 1876 1623 50

374 1644 526 1700 Neque
559 1645 749 1701 pretium
777 1660 916 1701 neque
945 1660 1038 1687 rem
1066 1645 1203 1687 ullam
1221 1644 1507 1688 intercessisse
1527 1644 1603 1687 illa
1623 1650 1698 1688 aut
1717 1661 1786 1688 me
1806 1646 1873 1688 in-

433 1710 626 1766 dignam,
650 1710 773 1760 Geta,

375 1775 599 1831 Experiar.
666 1775 736 1816 Ge.
771 1774 888 1822 Quid
918 1775 1001 1817 ista
1014 1775 1035 1817 ⁶?
1065 1775 1230 1826 accede,
1252 1779 1301 1816 ut
1329 1774 1483 1817 melius
1503 1775 1631 1818 dicas.
1694 1775 1762 1818 So.
1795 1775 1873 1827 Tu,

434 1845 646 1895 quantum
664 1844 797 1895 potes,

304 1955 374 1995 38]
423 1954 570 1995 Bentley,
587 1964 629 1985 on
650 1954 706 1985 the
726 1954 889 1995 authority
904 1953 941 1985 of
960 1964 1049 1985 some

262 1997 399 2038 English
426 1998 648 2038 manuscripts,
664 2001 790 2037 repeats
815 1997 896 2028 ‘an’
922 1998 956 2028 in
982 1997 1048 2028 this

262 2041 327 2071 line
342 2043 376 2071 to
392 2041 550 2080 complete
575 2041 632 2071 the
659 2044 770 2070 metre.
817 2041 884 2071 But
907 2040 998 2071 there
1020 2041 1047 2070 is

262 2093 306 2114 no
330 2083 492 2122 objection
507 2086 542 2114 to
558 2094 600 2114 an
623 2082 728 2114 hiatus
752 2086 786 2113 at
810 2085 819 2100 ⁴
833 2083 970 2123 cuipiam
983 2083 991 2097 '
1015 2086 1048 2113 at

263 2126 321 2157 the
350 2126 413 2156 end
442 2126 480 2156 of
505 2136 525 2156 a
551 2126 678 2167 speech,
704 2135 739 2156 as
764 2126 800 2156 in
829 2136 926 2166 many
956 2125 1049 2156 other

264 2169 380 2209 places.
427 2168 486 2199 See
502 2168 738 2199 Introduction.

310 2212 364 2242 44.
387 2212 454 2248 Ah,
470 2213 602 2242 minime
623 2211 785 2251 yentium]
836 2211 896 2242 See
910 2213 988 2243 note
1005 2221 1050 2242 on

265 2253 442 2285 Eunuchus
457 2253 498 2283 iv.
518 2254 547 2284 1.
566 2255 617 2284 ll.

310 2298 362 2333 47.
392 2297 480 2332 Quae
494 2297 634 2327 secunda
651 2297 680 2327 ei
695 2296 753 2327 doe
768 2297 855 2337 erat]
898 2296 962 2327 We
976 2307 1049 2337 may

1137 1955 1190 1985 52.
1214 1954 1402 1995 Experiar]
1452 1957 1460 1972 ⁴
1475 1954 1491 1985 1
1509 1954 1572 1985 will
1586 1954 1668 1985 have
1690 1954 1746 1986 the
1769 1954 1828 1986 law
1843 1953 1880 1986 of

1091 1996 1183 2027 him!
1230 1999 1238 2014 a
1360 1997 1509 2012 .....
1711 1997 1719 2004 .

1091 2039 1170 2078 used
1199 2039 1234 2069 in
1263 2040 1320 2070 the
1350 2008 1467 2080 DigJest
1497 2039 1565 2081 (see
1595 2040 1789 2082 Forcellini).
1834 2040 1876 2071 In

1093 2082 1204 2113 Cicero
1219 2092 1266 2113 we
1281 2083 1361 2113 have
1377 2086 1385 2100 ⁴
1396 2083 1531 2123 experiri
1542 2082 1688 2123 legibus,'
1697 2083 1761 2114 aud
1772 2093 1875 2114 some-

1091 2125 1188 2155 times
1205 2126 1362 2166 ‘experiri
1373 2126 1381 2140 ¹
1398 2125 1586 2166 absolutely,
1596 2135 1632 2156 as
1646 2126 1680 2156 in
1692 2126 1754 2156 Pro
1770 2126 1876 2160 Quin-

1091 2168 1138 2198 tio
1154 2169 1215 2199 23:
1241 2170 1304 2198 “A
1319 2178 1371 2198 me
1394 2168 1478 2199 diem
1502 2169 1638 2209 petivit:
1661 2178 1720 2208 ego
1740 2169 1877 2210 experiri
1913 2199 1915 2202 Α

1092 2220 1158 2240 non
1174 2210 1266 2250 potui
1279 2222 1287 2240 ι
1311 2210 1482 2241 latitavit.”
1530 2211 1573 2242 So
1588 2214 1643 2242 too
1659 2211 1754 2252 Livy,
1767 2212 1802 2242 in
1819 2212 1877 2244 the

1093 2256 1181 2293 story
1196 2253 1233 2283 of
1252 2253 1308 2283 the
1323 2253 1487 2294 discovery
1501 2254 1539 2284 of
1559 2254 1616 2285 the
1630 2255 1738 2286 sacred
1762 2255 1875 2292 books,

1093 2296 1253 2336 supposed
1277 2299 1312 2327 to
1337 2296 1451 2336 belong
1472 2301 1506 2327 to
1531 2297 1651 2334 Numa,
1666 2298 1700 2328 in
1716 2307 1783 2329 8.(1.
1802 2298 1875 2335 181,

265 2349 414 2379 compare
427 2349 447 2369 a
461 2339 545 2378 good
560 2349 691 2379 passage
706 2339 738 2369 in
757 2339 900 2377 Plautus,
912 2339 1047 2380 Amphi-

265 2385 339 2414 truo
353 2382 386 2413 ii.
403 2383 435 2413 2.
452 2383 645 2414 219-222:

281 2445 303 2461 ‘⁴
313 2442 391 2473 Non
406 2451 465 2481 ego
479 2441 568 2471 illam
584 2441 663 2472 mihi
677 2441 785 2472 dotem
798 2442 879 2473 duco
889 2451 959 2473 esse
969 2452 1050 2482 quae

353 2484 412 2515 dos
427 2484 561 2521 dicitur-3

311 2527 375 2559 Sed
399 2527 586 2568 pudicitiam
611 2529 645 2558 et
669 2526 824 2567 pudorem
847 2530 881 2558 et
903 2527 1049 2558 sedatum

354 2570 547 2611 cupidinem,

310 2613 418 2644 Deum
433 2615 567 2650 metum,
583 2614 754 2652 parentum
768 2622 910 2643 amorem
927 2615 960 2644 et
975 2623 1049 2654 cog-

354 2659 466 2687 natum
482 2655 702 2693 coneordiam3

285 2709 290 2713 ⁶
311 2698 385 2730 Tibi
401 2698 558 2739 morigera
571 2700 668 2738 atque
681 2700 719 2729 ut
739 2698 890 2728 munifica
905 2698 965 2729 sim
989 2698 1048 2730 bo-

354 2742 416 2780 nis,
432 2741 552 2783 prosim
567 2739 697 2771 bonis.''

268 2801 396 2875 1?ssoe
424 2801 483 2832 has
511 2800 579 2831 also
608 2810 628 2831 8
655 2809 788 2841 passage
817 2802 851 2830 to
880 2799 937 2830 the
963 2810 1049 2832 same

268 2854 287 2875 e
312 2854 330 2875 e
375 2856 384 2875 ι

271 2897 292 2914 u
695 2893 702 2900 ¹

301 2895 820 2974 D‘zzfiffiffzffiffissffius
834 2936 893 2967 vffi

302 2981 400 3014 Certo
415 2980 544 3011 foedere
559 2979 708 3016 castitas3

344 3023 389 3055 Et
402 3033 535 3064 peccare
549 3022 639 3056 nefas
650 3024 709 3055 aut
720 3021 859 3064 pretium
871 3023 922 3056 est
932 3020 1049 3054 mori.”

1093 2338 1196 2369 which
1223 2339 1264 2372 Q.
1288 2339 1431 2370 Pet-iuius
1455 2340 1511 2370 the
1536 2343 1544 2357 ⁴
1557 2344 1687 2380 praetor
1711 2340 1853 2372 urbanus
1866 2340 1876 2355 ’

1093 2381 1192 2412 bul-nt
1206 2382 1342 2413 because
1356 2383 1392 2413 of
1404 2382 1487 2413 their
1501 2383 1640 2424 impious
1654 2387 1813 2423 contenta,
1827 2393 1876 2414 we

1093 2425 1174 2455 have
1184 2425 1240 2455 the
1249 2435 1335 2456 same
1341 2428 1440 2456 terms
1451 2439 1459 2456 ι
1477 2428 1497 2444 “
1510 2426 1616 2457 Lectis
1625 2436 1731 2457 rerum
1743 2426 1877 2458 summis

1093 2478 1167 2498 cum
1189 2468 1464 2499 animadvertisset
1480 2468 1537 2510 (Q.
1555 2469 1713 2508 Petillius)
1725 2469 1878 2510 pleraque

1093 2510 1365 2542 dissolvendarum
1388 2512 1578 2552 religionum
1603 2522 1673 2543 esse
1695 2512 1734 2543 11.
1751 2512 1877 2543 Petiuio

1094 2553 1176 2584 dixit
1193 2563 1262 2584 sese
1277 2564 1332 2584 eos
1346 2554 1444 2585 libros
1470 2555 1503 2585 in
1523 2555 1630 2594 ignem
1655 2555 1876 2595 conjecturum

1093 2606 1184 2634 088ος
1207 2597 1392 2647 priusquam
1408 2597 1441 2628 id
1456 2597 1574 2628 faceret
1589 2607 1624 2629 80
1637 2598 1668 2629 ei
1692 2598 1877 2638 permittas

1093 2640 1142 2670 uti
1157 2639 1184 2670 si
1199 2640 1285 2680 quod
1301 2650 1358 2670 seu
1369 2640 1424 2680 jus
1439 2650 1496 2671 seu
1518 2641 1673 2671 auxilium
1699 2650 1734 2672 se
1757 2640 1878 2672 habero

1092 2682 1133 2712 ad
1148 2692 1202 2713 eos
1217 2682 1314 2713 libros
1337 2683 1528 2723 repetendos
1550 2684 1758 2720 existimaret,

1092 2724 1243 2755 rireturl'
1269 2725 1353 2763 (Liv.
1370 2726 1413 2756 xl.
1430 2725 1498 2765 29.)
1545 2726 1643 2757 For‘
1656 2726 1743 2760 Quid
1765 2726 1847 2758 ista.
1840 2725 1876 2747 ²'

1094 2777 1242 2808 compare
1259 2768 1365 2801 ‘Quid
1377 2768 1484 2798 istic?’
1509 2768 1651 2799 Andria
1642 2779 1687 2799 111
1700 2770 1732 2799 3.
1743 2770 1796 2806 40,
1811 2768 1877 2800 and

1093 2813 1179 2840 note.
1204 2810 1274 2841 The
1283 2811 1407 2841 words‘
1413 2811 1529 2841 accedo
1539 2814 1576 2841 ut
1587 2811 1701 2842 melius
1710 2810 1813 2842 dicas’
1821 2821 1877 2842 are

1094 2853 1229 2883 difficult
1246 2857 1280 2884 to
1300 2854 1427 2893 explain
1447 2853 1681 2894 satisfactorily.
1727 2857 1735 2871 ¹
1750 2854 1877 2894 Suppo-

1094 2895 1165 2935 sing
1187 2905 1252 2936 you
1274 2899 1308 2926 to
1324 2896 1365 2926 be
1385 2895 1489 2926 better
1512 2896 1641 2927 advised
1655 2897 1690 2926 in
1707 2897 1792 2928 what
1812 2906 1878 2937 you

1094 2948 1160 2978 say,
1178 2938 1194 2969 1
1209 2948 1302 2978 agree
1318 2938 1395 2969 with
1420 2937 1508 2978 you,'
1545 2949 1619 2979 may
1648 2939 1689 2970 be
1719 2939 1775 2970 the
1803 2944 1877 2971 n-ue

1093 2981 1243 3020 meaning
1254 2993 1262 3019 3
1285 2981 1409 3021 though
1421 2991 1468 3012 we
1479 2981 1520 3012 do
1532 2985 1592 3012 not
1601 2982 1668 3022 find
1681 2982 1737 3013 the
1746 2982 1877 3013 ποι-(1111

1093 3023 1158 3054 this
1170 3033 1262 3055 sense
1273 3024 1306 3055 in
1316 3024 1401 3066 early
1413 3024 1547 3056 writers.
1575 3025 1711 3067 Bentley
1721 3034 1877 3067 proposes
