2020 3412
323 248 408 292 588

361 362 461 404 lonye]
516 364 663 396 Accurrit
695 366 734 396 ad
767 376 827 404 me,

322 412 414 470 guam
434 403 518 442 lonye
539 405 673 444 quidem.
697 405 778 436 Eun.
795 407 826 436 ii.
880 406 955 436 Hec.
972 407 993 436 i.
1009 406 1038 444 2,
1053 407 1070 438 7
1094 430 1100 436 .

370 441 417 472 43.
460 443 560 479 Quam
585 444 668 484 longe
695 455 713 474 a
740 445 826 475 mari.

322 480 403 511 Eun.
426 482 470 511 iii.
494 482 522 518 3,
547 482 590 512 13.
643 484 743 521 Louqe
761 484 827 523 jam

320 520 465 557 abieram,
478 531 573 560 quum
585 524 673 552 sensi.
691 523 772 552 Eun.
786 524 828 553 iv.

320 558 350 627 ξ,
365 558 404 628 ᾗ)
435 560 526 590 Errat
539 560 632 600 louye.
657 562 789 601 Adelph.
807 563 826 591 i.

342 621 573 678 'longinquitasJ
612 638 655 669 Ut
699 650 738 669 ne
779 641 827 669 cui

320 686 407 706 meae
427 677 625 717 lonyinquitas
645 679 754 708 aetatis
776 679 827 708 ob-

321 720 389 746 stet.
413 717 489 746 Hec.
507 717 547 746 iv.
563 716 592 751 2,
607 716 654 747 20.

360 754 529 795 louyitudo]
574 755 743 786 consulere
794 757 827 786 in

320 793 540 862 lloffyitudinem.
585 794 699 826 Heaut.
736 806 763 826 v,
798 796 828 834 2,

359 871 486 910 longule]
519 872 590 902 Non
615 874 727 912 cogitas
755 874 828 904 hinc

319 910 332 941 l
389 911 435 940 ule
449 913 537 941 esse?
559 911 672 942 Heaut.
689 914 720 943 ii.
736 913 765 951 2,
782 913 827 943 10.

321 950 829 1030 ⁵11u⁰ss⁹²2⁸lpesssst¹ssff⁴mnfflt..¹¹35

323 1027 373 1058 13.
414 1029 516 1065 Quam
547 1029 668 1069 longum
695 1032 827 1070 spatium

320 1069 443 1098 amandi
477 1069 606 1099 amicam
640 1070 698 1099 tibi
733 1071 829 1100 dedi?

322 1107 399 1137 Hec.
433 1108 473 1138 iv.
499 1109 529 1144 4,
557 1108 606 1138 62.
660 1109 826 1148 Experire:

320 1151 451 1214 {olom
472 1146 599 1186 longum.
635 1147 761 1179 Phorm.
781 1150 826 1179 iii.

360 1224 479 1264 loquor]
506 1225 619 1264 Aperte
643 1226 741 1265 ipsam
763 1237 827 1257 rem

320 1264 412 1292 modo
431 1263 549 1294 locutus.
582 1265 666 1295 And.
684 1266 705 1296 i.
727 1265 756 1302 2,
779 1266 826 1296 31.

285 1311 287 1313 ·
323 1302 484 1339 Ausculto,
505 1303 622 1342 loquere
643 1305 716 1343 quid
739 1305 825 1335 velis.

323 1342 407 1372 And.
430 1342 474 1371 iii.
501 1342 529 1379 3,
550 1342 578 1373 5.
630 1343 723 1373 Mitte
747 1344 828 1374 male

321 1380 410 1420 loqui.
436 1381 519 1411 And.
532 1392 561 1410 v.
574 1381 603 1418 3,
614 1381 642 1411 2.
679 1383 828 1422 Perplexe

320 1419 408 1459 loqui.
443 1420 524 1449 Eun.
545 1431 576 1450 v.
599 1420 625 1458 1,
649 1421 674 1451 l.
718 1422 829 1461 Optata

321 1458 446 1498 loquere.
487 1459 602 1490 Heaut.
641 1461 684 1490 iii.
722 1460 750 1498 3,
779 1462 826 1492 50.

322 1498 491 1537 Nunquam
538 1500 726 1530 commodius
773 1511 828 1531 un—

343 1547 415 1567 uam
459 1537 567 1567 herum
601 1540 703 1568 audivi
737 1539 826 1579 loqui.

357 1581 436 1606 eant.
458 1577 500 1606 iii.
523 1577 552 1614 2,
574 1577 620 1608 48.
671 1578 725 1608 11Ιί
747 1579 828 1609 haud

320 1615 434 1645 licebat
463 1617 522 1645 nisi
550 1618 709 1656 praefinito
737 1617 826 1658 loqui.

322 1655 400 1684 Hec.
416 1656 434 1684 i.
446 1655 475 1691 2,
489 1655 533 1685 19.
577 1657 743 1686 Crederem
758 1668 828 1688 vera

322 1694 404 1724 hunc
426 1693 514 1734 loqui.
546 1695 670 1725 Phorm.
688 1697 719 1726 ii.
738 1695 764 1733 l,
779 1697 827 1727 48.

323 1733 436 1772 Pergin
459 1735 531 1763 hero
553 1735 669 1764 absenti
693 1735 773 1765 male
787 1736 828 1765 lo-

343 1773 382 1806 ui,
397 1774 626 1811 impurissime?
653 1774 777 1805 Phorm.
794 1776 827 1805 ii.

321 1782 351 1849 3,
366 1811 416 1848 25,
431 1817 461 1841 et
474 1813 586 1851 passim
602 1813 685 1843 alibi.

362 1850 477 1890 lorum]
514 1851 619 1890 Usque
652 1853 690 1882 ad
720 1863 827 1883 necem

322 1890 601 1959 i'iffiri‘liiielliriii
631 1929 645 1959 1
666 1891 712 1960 S2'8
739 1893 830 1922 Lm&

361 1968 489 2008 lucis-cit]
542 1970 644 1999 uciscit
670 1970 727 2000 hoc
752 1970 826 2010 jam.

323 2007 436 2038 Heaut.
452 2009 496 2038 iii.
513 2007 540 2045 l,
557 2007 582 2038 l.

362 2046 495 2087 lucrum]
530 2048 677 2086 Magnum
704 2058 768 2078 esse
796 2050 827 2078 in

323 2096 359 2115 ea
380 2096 412 2116 re
437 2086 562 2116 lucrum.
600 2087 713 2118 Heaut.
734 2089 777 2118 iii.
799 2088 828 2125 3,

323 2124 371 2154 48.
415 2125 480 2155 Nae
494 2125 547 2154 ille
566 2125 648 2155 haud
666 2128 723 2156 scit
743 2126 827 2165 paul-

322 2162 389 2192 lum
404 2163 482 2193 lucri
523 2169 650 2194 uantum
674 2166 703 2194 ei
724 2167 827 2195 damni

315 2207 467 2240 apportet.
546 2208 625 2232 eaut.
659 2205 700 2233 iv.
727 2205 755 2238 4.
777 2204 825 2234 25.

324 2240 492 2270 Pecuniam
519 2242 551 2270 in
580 2241 646 2270 loco
677 2242 827 2281 negligere

323 2282 495 2309 maximum
525 2281 679 2309 interdum
711 2287 757 2310 est
782 2281 827 2311 lu-

322 2328 415 2348 crum.
450 2317 581 2357 Adelph.
606 2320 639 2348 ii.
664 2319 693 2355 2,
719 2320 747 2349 8.
791 2320 827 2349 Id

323 2357 456 2387 deluere
472 2362 576 2396 putato
597 2368 670 2388 esse.
694 2358 825 2397 Adelph.

323 2406 352 2426 v.
368 2395 396 2432 3,
411 2395 458 2425 31.
502 2396 602 2426 Omne
617 2398 697 2435 quod
713 2404 759 2427 est
780 2398 826 2426 in-

324 2440 406 2465 terea
425 2440 555 2474 tempus,
576 2436 659 2474 prius
681 2446 771 2474 quam
797 2437 826 2466 id

322 2474 464 2504 rescitum
485 2479 540 2511 est,
561 2474 643 2504 lucro
664 2479 718 2505 est.
749 2475 826 2506 Hec.

323 2513 368 2543 iii.
386 2513 412 2550 l,
428 2513 455 2544 7.
498 2513 580 2550 Quid
601 2514 678 2543 mihi
693 2514 771 2543 lucri
782 2519 828 2544 est

323 2557 355 2582 te
379 2552 508 2582 fallere?
539 2552 663 2582 Phorm.
686 2554 705 2583 i.
730 2552 759 2589 2,
781 2553 827 2584 ll.

324 2591 427 2621 Omne
461 2592 492 2620 id
521 2592 670 2631 deputabo
698 2602 761 2622 esse
795 2593 826 2622 iu

323 2629 415 2660 luero.
437 2630 562 2661 Phorm.
579 2631 612 2661 ii.
630 2630 658 2666 l,
671 2630 720 2661 2l.

362 2668 455 2709 lucto]
489 2669 541 2699 Illi
565 2669 726 2707 annulum,
754 2670 827 2700 dum

322 2707 424 2776 gustat,
446 2709 623 2739 detraxisse.
652 2709 730 2739 Hec.
752 2720 781 2739 v.
800 2709 828 2746 3,

361 2785 478 2854 luc-tuq
503 2786 584 2816 Filio
605 2786 714 2817 luctum
735 2797 827 2827 paras.

323 2824 401 2855 Hec.
417 2826 446 2855 ii.
484 2848 491 2861 ,
508 2825 553 2856 13.

362 2863 540 2902 luculentus]
584 2864 717 2894 Forma-
748 2865 827 2895 lucu-

322 2901 411 2932 lenta.
434 2903 547 2932 Heaut.
563 2903 608 2933 iii.
623 2903 652 2940 2,
670 2903 716 2934 12.

361 2940 457 2979 lucus]
495 2942 561 2971 Rus
588 2952 652 2972 cras
672 2942 829 2978 cumfilio

322 2990 404 3048 Ξιιῐὲιό
417 2981 516 3020 prime
539 2980 615 3012 lucu.
647 2982 780 3022 Adelph.
799 2993 826 3013 v.

1033 252 1231 298 INDEX

917 366 1079 398 ludibrium
1112 368 1259 398 Ludibrio
1270 367 1383 399 haberi.

1152 407 1222 436 Non
1244 408 1287 437 sic
1307 407 1385 438 ludi-

877 445 944 475 brio
958 446 1018 475 tuis
1032 447 1119 475 factis
1141 446 1262 476 habitus
1276 457 1382 478 essem.

880 484 956 514 Hec.
973 485 1012 514 iv.
1032 484 1058 521 l,
1075 483 1120 513 ll.

918 523 1071 563 ludificor]
1107 524 1271 563 Postquam
1306 524 1385 555 ludi-

870 563 981 601 ficatus
1002 567 1048 592 est
1062 564 1221 601 Virginem.
1246 563 1326 594 Eun.
1344 565 1383 594 iv,

880 601 908 637 3,
924 600 950 631 3.
995 601 1043 631 Tu
1063 612 1112 631 me
1137 602 1186 632 hic
1211 604 1316 640 etiam,
1331 613 1384 634 ne-

879 640 962 677 bulo,
977 640 1184 680 ludficabere?
1208 641 1288 672 Eun.
1302 643 1342 672 iv.
1355 644 1384 679 4,

879 679 926 709 50.
970 680 1054 716 Quid
1077 690 1140 717 vos,
1162 682 1290 718 malum,
1315 692 1385 721 ergo

879 719 1228 791 me75135ludifioamini?
1258 720 1382 751 Phorm.

879 768 909 788 v.
946 781 954 794 ,
1009 782 1016 788 .

917 796 1005 837 ludo]
1024 797 1095 827 Non
1103 802 1135 828 te
1148 799 1250 829 credas
1260 799 1383 829 Davum

878 835 988 866 ludere.
1023 837 1105 866 And.
1122 838 1162 868 iv,
1178 838 1206 875 4,
1221 838 1269 868 48.
1322 839 1384 868 Ne-

879 875 1024 905 bulonem
1069 876 1150 906 hunc
1188 883 1307 907 certum
1340 882 1385 908 est

878 914 989 945 ludere.
1021 915 1101 944 Eun.
1127 916 1158 946 ii.
1185 915 1214 952 2,
1237 916 1283 947 38.
1332 916 1385 946 Oi-

880 955 953 983 bum
968 964 1029 984 una
1043 955 1151 994 capias,
1165 955 1256 993 adsis,
1270 960 1383 994 tangas,

878 992 975 1030 ludas,
998 999 1117 1032 propter
1137 995 1277 1025 dormias.
1303 995 1383 1025 Eun.

878 1033 909 1062 ii.
928 1031 955 1069 3,
966 1032 1012 1062 81.
1056 1032 1257 1063 Consimilem
1274 1034 1386 1064 luserat

876 1072 941 1110 jam
970 1071 1046 1101 olim
1073 1072 1127 1102 ille
1155 1072 1274 1103 ludum.
1303 1073 1383 1103 Eun.

879 1111 926 1141 iii.
940 1111 968 1148 5,
985 1111 1031 1141 38.
1074 1111 1171 1141 Ludis
1184 1113 1310 1142 fortasse
1324 1123 1382 1143 me.

880 1149 994 1180 Heaut.
1019 1151 1061 1180 ἰν.
1085 1151 1114 1186 6,
1137 1151 1184 1181 20.
1228 1152 1384 1190 Congrum

879 1189 974 1218 istum
1000 1190 1169 1219 maximum
1192 1190 1224 1220 in
1245 1201 1324 1229 aqua
1344 1192 1384 1220 si-

879 1230 944 1257 nito
957 1228 1060 1258 ludere
1074 1229 1233 1268 paulisper.
1251 1229 1382 1269 Adelph.

879 1267 921 1296 iii.
936 1266 964 1304 3,
974 1267 1021 1297 23.
1065 1267 1131 1297 Cur
1145 1279 1205 1297 non
1217 1268 1288 1298 ludo
1301 1269 1384 1299 hunc

879 1305 1100 1345 aliquantisper
1110 1308 1124 1336 ?
1159 1308 1292 1337 Obsecro
1307 1318 1383 1338 num

879 1345 958 1375 ludis
982 1350 1015 1375 tu
1038 1356 1121 1375 nunc
1143 1348 1219 1376 me?
1251 1347 1385 1386 Adelph.

879 1385 920 1414 iv.
936 1384 965 1421 5,
981 1384 1012 1421 5,
1027 1385 1074 1415 63.
1119 1385 1166 1415 Ita
1180 1386 1244 1415 vita
1264 1391 1309 1416 est
1330 1386 1384 1415 ho-

879 1424 1012 1460 minum,
1024 1424 1108 1462 quasi
1121 1426 1145 1454 si
1157 1425 1246 1454 ludas
1257 1427 1383 1455 tessen’s.

882 1462 1011 1502 Adelph.
1038 1463 1078 1493 ἰν.
1106 1463 1133 1500 7,
1157 1463 1208 1494 21.
1257 1465 1293 1494 In
1318 1465 1385 1494 istis

879 1511 969 1540 opera
978 1501 1102 1532 luditur.
1118 1502 1243 1533 Phorm.
1255 1504 1286 1533 ii.
1296 1503 1325 1539 2,
1337 1503 1383 1534 18.

918 1540 1022 1580 ludus]
1066 1542 1150 1578 Quos
1190 1543 1268 1572 mihi
1300 1542 1386 1572 ludos

878 1580 1042 1610 redderet?
1084 1581 1165 1611 And.
1201 1582 1245 1612 iii.
1277 1581 1304 1617 1,
1333 1581 1384 1612 21.

879 1618 1001 1648 Ludum
1017 1619 1179 1659 'ecumque
1198 1621 1279 1651 dicas
1292 1622 1385 1651 fuisse

879 1657 971 1687 illum
992 1630 1131 1688 alterum.
1162 1659 1243 1690 Eun.
1259 1661 1290 1690 ii.
1313 1660 1341 1696 3,
1355 1660 1383 1690 8.

881 1697 1083 1727 Consimilem
1122 1699 1238 1728 luserat
1269 1698 1383 1729 ludum.

882 1736 962 1766 Eun.
979 1738 1021 1766 iii.
1038 1737 1066 1774 5,
1083 1737 1129 1767 39.
1173 1738 1244 1767 Non
1263 1748 1384 1777 possum

880 1777 950 1805 satis
972 1786 1093 1806 narrare
1114 1787 1189 1815 quos
1213 1778 1385 1816 praebueris

879 1814 965 1844 ludos
992 1816 1084 1845 intus.
1129 1816 1210 1846 Eun.
1234 1827 1262 1847 v.
1290 1817 1319 1854 6,
1354 1818 1383 1847 9.

881 1854 976 1884 Vobis
1004 1855 1092 1884 datur
1113 1860 1244 1894 potestas
1275 1857 1385 1885 conde-

879 1894 1003 1923 corandi
1027 1893 1112 1923 ludos
1131 1895 1273 1924 scenicos.
1307 1895 1383 1925 Hec.

883 1932 947 1961 Alt.
961 1932 1042 1962 Prol.
1057 1933 1103 1964 37.
1146 1933 1183 1963 In
1199 1935 1303 1963 eodem
1320 1945 1384 1963 om-

879 1981 931 2001 nes
946 1972 1023 2001 mihi
1038 1973 1183 2002 videntur
1195 1972 1266 2002 ludo
1280 1973 1385 2003 doctae

879 2011 916 2040 ad
954 2010 1113 2041 malitiam.
1171 2011 1210 2041 Ei
1244 2012 1325 2049 ludo,
1359 2014 1383 2042 si

879 2049 962 2079 ullus
976 2056 1020 2079 est
1035 2052 1210 2089 magistram
1229 2051 1307 2081 hauc
1322 2062 1384 2081 esse

879 2089 952 2118 satis
973 2094 1054 2118 certo
1076 2093 1144 2119 scio.
1170 2090 1248 2120 Hec.
1262 2091 1294 2119 ii.
1312 2090 1339 2127 l,
1355 2091 1383 2126 6,

879 2128 906 2160 7.
950 2127 1078 2165 Sectari,
1093 2129 1126 2158 in
1148 2128 1253 2158 ludum
1273 2130 1383 2159 ducere

879 2171 910 2196 et
942 2167 1094 2197 reducere.
1147 2167 1184 2196 In
1217 2177 1277 2206 quo
1311 2168 1384 2197 haec

878 2205 1011 2234 discebat
1037 2205 1117 2235 ludo.
1160 2205 1285 2235 Phorm.
1309 2207 1330 2235 i.
1353 2207 1382 2243 2,

878 2243 1004 2313 36,738.2
1014 2243 1058 2273 Ut
1068 2243 1153 2273 ludos
1160 2244 1241 2274 facit.
1258 2245 1381 2275 Phorm.

878 2292 905 2312 v.
943 2305 950 2318 ,
965 2282 991 2311 5⁶
1006 2305 1012 2311 .

917 2320 1061 2359 lugubris]
1083 2321 1281 2351 Mediocriter
1294 2323 1382 2352 vesti-

878 2363 1045 2427 Ξαωόνεεῐθ
1062 2359 1189 2398 luyuhri.
1219 2360 1333 2391 Heaut.
1350 2362 1382 2391 ii.

900 2421 908 2435 ,
923 2399 941 2427 4
966 2421 973 2428 .

917 2436 1018 2475 lupus]
1057 2437 1145 2476 Lupo
1183 2449 1270 2468 ovem
1301 2449 1383 2469 com-

878 2476 972 2505 misti.
1001 2475 1082 2506 Eun.
1099 2487 1126 2505 v.
1145 2476 1172 2513 l,
1189 2476 1234 2507 16.
1280 2478 1384 2517 Lupus

880 2516 912 2543 in
933 2515 1046 2544 fabula.
1078 2515 1212 2554 Adelph.
1233 2517 1273 2546 iv.
1292 2516 1318 2553 l,
1333 2517 1382 2548 21.

881 2554 1023 2622 Aur2ib15s1
1030 2558 1118 2584 teneo
1129 2555 1242 2593 lupum.
1258 2556 1381 2586 Phorm.

880 2602 924 2622 m.
963 2616 969 2627 ,
1028 2615 1034 2622 .

918 2631 1024 2667 lutum]
1054 2632 1098 2661 Te
1127 2632 1240 2662 ibidem
1264 2634 1383 2672 pervol-

880 2680 948 2699 vam
971 2671 1004 2699 in
1028 2670 1097 2700 luto.
1132 2672 1214 2701 And.
1231 2673 1270 2701 iv.
1287 2674 1317 2709 4,
1335 2673 1380 2703 38.

880 2709 916 2738 In
923 2709 1030 2777 {odle5m
1042 2709 1170 2740 haesitas
1176 2710 1246 2741 luto.
1258 2711 1382 2742 Phorm.

879 2759 908 2778 v.
946 2771 952 2784 ‚
1008 2771 1015 2778 .

918 2787 985 2825 ΖΜ]
1011 2787 1098 2817 Neve
1117 2798 1214 2826 usque
1235 2790 1273 2818 ad
1290 2789 1384 2819 lucem

881 2825 996 2864 vigiles.
1030 2826 1110 2857 Eun.
1132 2827 1162 2856 ii.
1176 2827 1205 2863 2,
1220 2827 1266 2859 47.
1320 2829 1382 2865 Qui

879 2865 916 2894 ab
951 2865 1030 2894 Orco
1063 2871 1220 2895 mortuum
1254 2877 1304 2896 me
1337 2878 1383 2897 re-

880 2905 1041 2972 duce11li2in
1055 2903 1148 2934 lucem
1162 2905 1275 2935 feceris.
1304 2906 1382 2937 Hec.

879 2953 908 2972 v.
923 2943 952 2979 4,
1008 2965 1015 2972 .

917 2981 1019 3022 luxus]
1080 2981 1266 3013 Adolescens
1313 2983 1384 3014 luz-u

879 3021 1023 3060 perditus.
1046 3020 1180 3059 Adelph.
1196 3022 1236 3054 iv.
1252 3022 1281 3061 7,
1296 3022 1342 3053 42.

1475 368 1656 409 Macellum]
1680 369 1801 402 Interes
1819 370 1880 403 loci
1900 372 1940 402 ad

1435 408 1590 438 macellum
1642 410 1694 440 ubi
1746 411 1939 443 advenimus.

1440 447 1518 477 Eun.
1535 449 1567 478 ii.
1587 447 1617 485 2,
1637 448 1685 479 24.
1737 449 1849 480 Nostin
1871 460 1940 490 por-

1436 487 1532 516 ticum
1576 489 1654 526 apud
1687 488 1842 519 maelium
1884 489 1940 519 hec

1435 526 1600 556 deorsum?
1658 526 1790 567 Adelph.
1829 529 1871 559 iv,
1909 527 1940 565 2,

1435 565 1621 673 Zcenarvlil]
1646 604 1940 675 bHSneuinAthrff

1440 693 1467 712 v.
1483 681 1570 719 7'10-
1608 654 1643 684 Ju
1667 655 1683 674 e
1715 654 1784 675 nui.
1860 655 1908 685 ep
1932 667 1939 675 .

1475 721 1610 761 macero]
1647 722 1762 752 Anime
1794 723 1848 760 mi,
1874 722 1941 753 noli

1437 765 1466 790 te
1487 770 1649 817 rnaccrare.
1681 761 1887 831 Aqd.Aig‘.12;‚
1910 762 1940 831 Ξ.

1437 799 1498 869 11511
1524 810 1716 869 ἒῗιεὲηιὲἶῗιῖἶ
1724 824 1802 870 ‘haec
1814 825 1861 870 fak:
1874 824 1941 871 ‚aa-²

1435 882 1569 908 verentur
1588 878 1722 917 pulchre.
1749 878 1881 919 Adelph.
1894 880 1939 910 iii.

1437 916 1571 987 3,mado27.
1574 957 1587 995 ]
1606 956 1692 987 Faxo
1706 948 1777 987 eum
1791 956 1846 988 tali
1859 967 1942 987 mae-

1436 998 1540 1032 tatum,
1568 1000 1660 1035 atque
1688 996 1737 1026 hic
1763 1001 1818 1033 est,
1845 997 1941 1027 infor-

1437 1036 1537 1065 tunio.
1562 1034 1686 1066 Phorm.
1703 1045 1732 1065 v.
1747 1034 1776 1072 8,
1791 1035 1838 1066 39.

1474 1074 1610 1112 macula]
1654 1074 1744 1104 Hanc
1790 1074 1942 1105 mumdum

1435 1123 1490 1142 nos
1503 1114 1589 1143 decet
1602 1114 1741 1152 effugere.
1765 1113 1898 1154 Adelph.
1910 1125 1939 1145 v.

1435 1151 1569 1230 B'mayzsffl·
1550 1191 1584 1229 ']
1603 1191 1730 1222 Passim.
1772 1190 1831 1222 See
1842 1191 1940 1224 Index

1436 1235 1467 1260 to
1475 1231 1626 1309 ”1:159ther
1648 1269 1734 1299 Dum
1760 1274 1852 1307 aetas,
1875 1280 1940 1301 me-

1437 1313 1494 1345 tus,
1534 1319 1582 1338 ma
1603 1309 1673 1338 ister
1714 1309 1940 1348 prohibebant?

1438 1347 1520 1378 And.
1537 1348 1555 1378 i.
1593 1371 1600 1384 ‚
1611 1347 1659 1380 27.
1700 1348 1734 1378 Si
1750 1349 1818 1387 quis
1831 1349 1942 1388 magis-

1436 1391 1517 1416 trum
1538 1387 1617 1426 cepit
1639 1387 1678 1416 ad
1705 1397 1771 1416 eam
1796 1397 1862 1417 rem
1882 1389 1941 1418 im-

1436 1427 1572 1464 probum.
1598 1427 1678 1456 And.
1699 1427 1720 1457 ἱ.
1742 1426 1771 1464 2,
1791 1425 1839 1457 21.
1887 1427 1941 1457 Me

1436 1465 1506 1494 filiis
1527 1465 1706 1511 relinquunt
1723 1466 1811 1534 {nasi
1831 1466 1941 1506 παρίε-

1435 1508 1523 1534 trum.
1547 1504 1672 1550 l’horm.
1688 1514 1708 1534 1.
1745 1528 1753 1541 ,
1767 1504 1815 1534 22.
1828 1544 1835 1550 ι

1436 1543 1943 1652 εαζαίρῧεᾜέἔέθυι,λοηοῖἕῖῒὲποᾯ

1436 1622 1490 1660 agi.
1523 1621 1602 1667 Eun.
1629 1621 1712 1653 Prol.
1737 1621 1786 1667 22.
1856 1623 1942 1691 ἔὲἰε-

1436 1664 1533 1690 tratus
1546 1661 1607 1691 adi.
1628 1660 1753 1691 Phorm.
1768 1670 1798 1691 u.
1814 1660 1844 1699 3,
1898 1685 1906 1692 .

1859 1710 1943 1740 maq-

1464 1699 1643 1744 τηαφιξῇοε]
1665 1700 1730 1740 Ego
1743 1704 1797 1729 te.
1813 1723 1820 1731 .
1836 1723 1844 1731 .
1888 1740 1895 1747 ο

1437 1740 1556 1808 iffi&
1576 1762 1624 1808 iiis
1642 1743 1785 1809 ἆηιῖἓῗω
1831 1749 1942 1809 ῑοωιῗὲ

1437 1818 1591 1886 magnifice
1605 1801 1706 1847 effero.
1726 1817 1843 1864 ‘Heaun
1859 1818 1900 1864 iv..
1913 1817 1941 1855 3,

1437 1856 1943 1944 {dicqualihlqdlithnmdmAfflp-ii?

1437 1935 1466 1971 δ’
1475 1935 1709 2013 diagnffioentia]
1723 1973 1738 2003 Ι
1747 1973 1820 2003 hinc
1835 1975 1867 2004 in
1877 1984 1942 2020 ma·—

1436 2012 1499 2042 lam
1532 2023 1597 2043 rem
1624 2023 1695 2042 cum
1723 2013 1797 2043 istac
1825 2022 1942 2053 moym-

1428 2052 1561 2091 ficentia.
1586 2051 1710 2082 Phorm.
1726 2061 1754 2082 V.
1771 2051 1799 2089 7,
1814 2051 1860 2084 37.

1474 2091 1645 2137 auqqnq’fioo]
1669 2091 1770 2137 Quem
1783 2100 1838 2130 ego
1851 2090 1944 2121 intel-

1435 2129 1942 2207 mm...

1435 2206 1562 2283 amm.
1564 2244 1658 2284 incus]
1678 2245 1784 2284 Usque
1805 2246 1882 2276 adeo
1902 2245 1942 2276 il-

1436 2283 1496 2314 lius
1517 2285 1594 2329 ferre
1618 2294 1740 2353 ροείιιω
1749 2285 1888 2354 ὲιιιιῗῐίἰιέ
1909 2290 1942 2354 gt

1435 2324 1593 2392 grayrfiqua
1603 2333 1667 2392 eb?
1681 2333 1798 2401 detens,
1819 2347 1940 2402 procax:

1435 2402 1603 2441 magnifica,
1628 2408 1792 2439 sumtuosa,
1817 2402 1938 2433 nobilis.

1436 2440 1548 2470 Heaut.
1565 2442 1598 2470 ii.
1616 2440 1642 2477 l,
1659 2439 1705 2470 15.

1474 2481 1576 2517 magni
1597 2479 1709 2519 pendo]
1730 2479 1795 2518 Ego
1819 2489 1941 2518 quoque

1434 2529 1452 2547 a
1478 2519 1554 2548 meis
1575 2528 1625 2547 me
1649 2519 1743 2548 amari
1774 2522 1807 2548 et
1837 2519 1943 2558 mayns'

1430 2558 1525 2626 {gradi
1546 2557 1676 2596 postule.
1709 2557 1843 2596 Adelph.
1858 2567 1887 2587 v.
1909 2558 1939 2594 4,

1437 2619 1607 2703 Ph'wnm'
1636 2634 1743 2675 major,
1771 2635 1936 2674 maa-imus]

1463 2684 1615 2752 aviusdssres]
1650 2712 1707 2742 Est
1737 2704 1860 2742 similis*
1873 2722 1940 2742 ma-

1426 2751 1532 2790 joram
1556 2762 1655 2781 suum.
1688 2751 1820 2790 Adelph.
1841 2752 1885 2781 iii.
1909 2750 1939 2789 3,

1435 2791 1666 2868 57‘iuajusculus]
1709 2828 1810 2858 Thais
1867 2838 1940 2858 uam

1435 2878 1488 2913 ego
1502 2878 1570 2897 sum
1590 2867 1752 2907 majuscula
1770 2872 1825 2898 est.
1871 2867 1939 2898 *um

1436 2906 1723 2984 ''lhffli'Pugnus
1741 2945 1888 2974 continuo
1907 2945 1942 2974 in

1435 2984 1519 3014 mala
1541 2984 1659 3014 haereat.
1702 2983 1835 3023 Adelph.
1858 2983 1890 3013 ii.
1911 2982 1940 3020 1,

1438 3022 1484 3056 17.
