2020 3412
264 268 348 311 552

263 382 301 411 ad
321 380 451 411 salutem
475 379 606 411 converti
626 378 684 408 hoc
706 387 769 407 ma-

266 421 341 450 lum.
365 420 446 450 And.
469 418 556 456 iv.1,
574 418 622 448 48.
666 417 771 446 Deum

267 469 331 489 sese
355 459 388 488 in
411 459 568 488 hominem
588 457 769 487 convertisse.

269 498 349 528 Eun.
376 498 420 528 iii.
449 498 478 534 5,
502 497 549 526 40.
593 496 773 526 Con-vertam

267 548 317 606 12112e
341 537 477 567 domum.
511 535 641 573 Adelph.
672 534 714 563 iii.
746 532 772 569 l,

307 614 488 653 convicium]
514 614 598 643 Ante
612 612 699 641 aedes
714 620 777 639 non

269 654 374 684 fecisse
388 654 446 683 erit
470 653 581 682 melius
604 651 654 680 hic
676 650 776 679 convi-

270 694 363 723 cium.
388 691 519 730 Adelph.
537 692 568 720 ii.
587 690 614 726 l,
628 688 676 718 26.

308 732 460 766 convinco]
497 729 613 759 Metuis
641 738 680 757 ne
713 736 776 756 non

271 781 366 809 quum
383 769 469 804 velis,
494 769 649 798 convincas
662 776 726 796 esse
742 765 777 794 il-

272 810 338 838 lum
353 809 466 838 tuum?
508 807 673 837 Convincas
690 804 778 834 facile

272 858 310 915 (11.8(
326 852 356 877 te
370 853 490 876 natum.
511 846 626 875 Heaut.
643 855 670 874 v.
688 844 717 881 3,
732 842 779 879 15,

311 925 449 960 conviva]
484 925 536 954 Me
557 923 712 953 convivam
734 932 780 950 so-

273 964 341 993 lum
355 964 523 993 abducebat
549 963 615 992 sibi.
640 961 720 990 Eun.
736 961 779 990 iii.

275 1002 302 1039 l,
319 1002 363 1034 17.
407 1002 538 1041 Egomet
558 1002 697 1031 convivas
717 1010 781 1029 mo-

274 1052 333 1072 ror.
357 1042 471 1071 Heaut.
488 1042 506 1070 i.
526 1040 552 1074 1,
570 1039 635 1069 120.

313 1081 489 1115 convivium]
508 1080 665 1109 Rhodium
674 1078 783 1116 tetige-

274 1120 333 1149 rim
349 1120 381 1149 in
395 1119 539 1148 convivio.
581 1119 653 1147 Una
670 1118 701 1146 in
716 1127 782 1146 con-

276 1159 356 1188 vivio
380 1162 444 1187 erat
466 1158 526 1187 hic.
577 1157 656 1186 Eun.
683 1156 727 1185 iii.
756 1155 782 1191 l,

275 1197 324 1232 30,
339 1196 388 1227 32.
429 1196 467 1226 111
488 1197 654 1225 convivium
674 1194 783 1224 illam?

278 1236 358 1265 Eun.
387 1236 427 1265 iv.
458 1234 484 1271 1,
510 1234 555 1264 12.
609 1234 669 1263 Ille
696 1243 782 1262 suam

276 1284 395 1313 semper
414 1274 476 1312 egit
495 1275 590 1302 vitam
611 1273 645 1302 in
666 1273 738 1309 otio,
753 1273 783 1300 in

275 1314 427 1343 conviviis.
470 1312 602 1351 Adelph.
634 1322 662 1341 v,
696 1311 725 1347 4,
755 1311 782 1340 9.

278 1353 431 1391 Apparere
463 1352 500 1380 de
532 1352 581 1380 die
608 1350 783 1380 convivium.

279 1390 412 1430 Adelph.
442 1400 469 1420 v,
495 1390 522 1425 9,
546 1391 573 1420 8.
627 1390 785 1427 Agitarem

276 1431 356 1459 inter
381 1439 433 1458 vos
454 1428 630 1458 convivium.
664 1428 741 1457 Hec.
764 1428 784 1456 i.

280 1469 311 1506 2,
327 1468 372 1498 18.

317 1507 467 1542 convivor]
526 1505 648 1535 Nolunt
683 1506 787 1535 crebro

278 1546 473 1576 convivarier.
496 1545 611 1574 Heaut.
627 1546 645 1574 i.
660 1543 689 1580 2,
706 1544 753 1574 32.

318 1584 453 1624 convolo]
491 1583 627 1622 Populus
642 1583 786 1614 convolat.

281 1624 358 1654 Hec.
376 1623 441 1653 Alt.
458 1623 540 1653 Prol.
557 1622 603 1652 32.

318 1664 418 1701 copia]
462 1662 571 1700 Neque
597 1661 647 1700 pol
680 1661 788 1690 consili

279 1703 384 1732 locum
413 1702 519 1736 habeo,
547 1711 586 1730 ne
608 1711 647 1730 ue
673 1701 788 1737 copiam

281 1741 388 1771 auxili.
413 1741 494 1770 And.
505 1739 577 1776 ii.l,
609 1739 636 1769 Ο.
679 1740 744 1768 Sibi
755 1745 790 1769 ut

281 1780 460 1818 inspiciendi
481 1784 559 1808 eszet
579 1779 673 1816 copia.
707 1778 787 1808 Eun.

282 1818 365 1848 Prol.
394 1817 442 1849 21.
498 1818 530 1847 Si
558 1827 620 1846 non
648 1818 788 1856 tangendi

281 1858 368 1896 copia
381 1862 436 1893 est,
452 1857 510 1886 eho
526 1867 563 1885 ne
579 1857 702 1885 videndi
724 1857 789 1895 qui-

283 1897 354 1926 dem
381 1897 461 1926 erit?
503 1895 583 1925 Eun.
612 1895 654 1924 iv.
682 1895 711 1931 2,
742 1894 787 1924 10.

285 1936 365 1965 Date
386 1935 537 1964 crescendi
556 1935 683 1972 copiam,
700 1944 789 1963 nova--

282 1984 353 2004 rum
368 1974 420 2013 qui
435 1974 588 2012 spectandi
608 1973 724 2003 faciunt
743 1983 789 2002 co—

278 2014 376 2052 piam.
419 2013 532 2042 Heaut.
558 2012 641 2042 Prol.
656 2012 715 2048 28,
740 2011 788 2041 29.

285 2052 332 2082 Ea
352 2062 398 2082 res
425 2053 508 2081 dedit
530 2051 725 2081 existimandi
745 2061 791 2080 co-

280 2092 377 2129 piam.
421 2091 488 2120 Tua
500 2091 598 2120 amica
609 2095 710 2119 tecum
725 2090 792 2119 sine

285 2134 371 2159 metu
385 2134 420 2159 ut
440 2130 480 2158 sit
493 2130 580 2167 copia
593 2133 647 2158 est.
677 2129 790 2158 Heaut.

285 2169 320 2199 ii.
337 2168 364 2204 3,
376 2168 424 2203 41,
441 2168 486 2202 87.
524 2168 571 2197 Ne
589 2177 680 2206 quam
699 2167 792 2196 aliam

307 2211 412 2236 uaerat
424 2207 550 2244 copiam,
565 2216 598 2234 ac.
618 2211 647 2234 te
665 2207 791 2235 deserat.

286 2217 401 2275 {lenum
418 2255 446 2274 v,
461 2244 487 2280 1,
503 2244 550 2273 54.
577 2244 722 2274 Obsecrat
737 2244 794 2273 sibi

287 2288 322 2314 ut
336 2284 403 2323 ejus
415 2283 505 2312 faciat
515 2284 641 2320 copiam.
668 2282 792 2311 Phorm.

286 2323 306 2352 i.
321 2322 350 2359 2,
366 2321 413 2352 63.
457 2321 539 2357 Quid
553 2331 607 2360 ego
621 2331 660 2351 ex
678 2321 734 2350 hac
750 2322 794 2350 in-

287 2362 356 2401 opia
374 2371 456 2390 nunc
476 2360 602 2399 capiam,
617 2365 647 2390 et
668 2360 740 2398 quid
762 2365 795 2388 tu

287 2410 327 2430 ex
334 2401 413 2430 istae
423 2400 519 2437 copia.
547 2399 590 2428 Ut
604 2409 702 2437 neque
717 2398 795 2427 mihi

287 2439 356 2479 ejus
382 2440 421 2469 sit
448 2438 620 2474 amittendi,
646 2448 701 2467 nec
726 2437 795 2466 reti-

288 2478 383 2547 {endi
401 2477 498 2516 copia.
527 2476 652 2506 Phorm.
668 2477 688 2506 i.
705 2475 732 2513 3,
749 2475 795 2513 15,

328 2556 442 2594 copiae]
470 2554 571 2584 Viden
586 2558 620 2583 tu
634 2553 723 2583 illum
738 2554 796 2583 mi-

289 2594 379 2624 litem
407 2604 510 2624 secum
543 2594 581 2623 ad
613 2598 642 2622 te
670 2598 797 2631 quantas

289 2643 322 2663 co
345 2634 391 2663 ias
409 2633 583 2662 adducere?
610 2632 690 2661 Eun.
712 2632 752 2661 iv.
768 2631 796 2668 6,

293 2672 306 2702 1
332 2696 338 2702 .
379 2672 417 2702 In
432 2676 594 2710 angustum
609 2671 716 2710 oppido
731 2681 797 2700 mea

290 2717 441 2780 {oguntur
453 2711 564 2749 copiae.
587 2710 699 2740 Heaut.
715 2710 754 2739 iv.
767 2709 796 2746 2,

329 2789 433 2828 coquo]
458 2788 487 2818 0
521 2787 614 2816 uendo
628 2788 668 2817 eit
681 2788 752 2817 faxo
766 2792 797 2817 et

290 2828 443 2858 molendo.
467 2827 496 2856 A
518 2826 597 2865 elph.
613 2837 642 2856 V.
658 2826 687 2862 3,
700 2825 748 2856 61.

329 2867 448 2907 coquus]
469 2866 595 2901 cetarii,
607 2865 692 2904 lanii,
702 2866 796 2911 coqui,

290 2906 427 2974 12'216rt0res,
438 2906 605 2945 piscatores.
630 2904 709 2934 Eun.
721 2905 755 2940 11,
766 2904 795 2940 2,

329 2986 392 3019 cor]
427 2984 491 3013 Aut
511 2981 566 3010 tibi
587 2982 709 3019 nuptiae
723 2981 796 3011 haec

291 3026 363 3051 nunt
377 3022 469 3051 cordi.

819 378 852 409 ii.
880 377 893 407 l
929 377 977 407 28.

820 427 885 484 essze
899 401 1064 454 'uenquam
1075 415 1231 444 cariorem.
1246 415 1327 445 Eun.

821 466 840 486 1.
855 462 862 469 ‘

822 479 919 524 cess’it.
953 493 1029 523 Hec.
1053 493 1096 522 iii.
1121 492 1150 530 2,
1178 492 1223 523 12.
1277 493 1329 522 In-

823 538 938 566 structo.
957 537 1030 561 eunt
1050 532 1127 561 mihi
1148 532 1236 561 corde
1259 542 1329 561 con-

823 572 892 601 silia
912 571 1023 601 omnia.
1059 571 1183 601 Phorm.
1204 571 1237 601 ii.
1256 571 1286 608 2,
1302 571 1329 602 7.

959 260 1157 306 INDEX

1020 376 1128 415 Neque
1153 385 1222 405 meo
1245 375 1331 406 cordi

922 454 970 484 21.
1013 455 1097 483 Cura
1117 463 1156 483 ex
1175 454 1263 483 corde
1276 464 1328 484 ex-

826 611 963 649 Uterque
999 610 1121 648 utrique
1155 615 1201 640 eet
1237 610 1328 640 cordi.

827 650 953 679 Phorm.
968 659 998 679 v.
1015 649 1044 684 3,
1062 648 1106 683 17.

865 691 979 723 coram]
1007 688 1080 718 Sine
1094 687 1185 717 illum
1204 687 1264 717 huc
1285 697 1331 716 co-

826 737 894 757 ram
908 728 1064 757 adducam.
1099 726 1180 757 And.
1196 737 1224 757 ν.
1242 726 1269 763 3,
1283 726 1331 756 29.

830 767 945 796 Vereor
957 776 1058 796 coram
1073 766 1103 795 in
1116 776 1148 795 os
1159 770 1188 795 te
1199 765 1331 795 laudare.

829 805 961 844 Adelph.
977 806 1008 834 ii.
1021 805 1050 841 4,
1060 805 1086 834 5.
1111 804 1223 835 Coram
1235 805 1333 843 ipsum

830 845 912 874 ced0.
936 843 1067 882 Adelph.
1082 844 1127 873 iii.
1141 844 1170 880 4,
1187 843 1234 873 38.

871 883 1055 918 Corinthius]
1086 883 1241 919 Quaedam
1258 892 1333 911 anus

832 922 996 953 Corinthia.
1033 922 1145 951 Heaut.
1166 922 1211 951 iii.
1236 921 1263 957 3,
1287 921 1334 951 39.

832 961 988 992 Corinthia
1009 971 1084 990 anus
1107 961 1188 990 haud
1208 962 1335 999 impura.

833 1001 947 1030 Heaut.
964 1001 1004 1030 iv,
1022 999 1050 1036 1,
1067 999 1112 1029 16.

872 1039 1041 1074 Corinthus]
1083 1039 1111 1068 E
1127 1038 1267 1069 Corintho
1286 1039 1337 1067 nd-

831 1089 910 1108 vena
923 1089 999 1108 anus
1034 1077 1201 1116 aupercula.
1225 1078 1337 1107 Heaut.

833 1119 852 1148 i.
871 1117 898 1154 l,
909 1118 957 1147 44.
1026 1116 1174 1146 orintltum
1188 1117 1260 1146 hine
1271 1127 1337 1147 sum

833 1157 973 1195 profecta.
997 1156 1074 1185 Hec.
1089 1157 1108 1185 i.
1125 1155 1154 1193 2,
1172 1155 1217 1185 ll.

872 1198 975 1230 cornu]
1032 1195 1079 1223 Tu
1114 1195 1146 1223 in
1182 1194 1338 1224 sinistrum

832 1244 945 1269 cornu;
968 1240 1001 1263 tu
1016 1234 1048 1263 in
1063 1234 1234 1263 dexterum.
1257 1233 1339 1262 Eun.

834 1274 874 1303 iv.
891 1273 919 1308 7,
934 1273 962 1302 5.

872 1314 990 1349 corpus]
1032 1311 1117 1347 Quae
1134 1311 1282 1340 habitudo
1297 1316 1342 1340 est

834 1351 988 1388 corporis?
1007 1350 1088 1379 Eun.
1100 1350 1129 1379 ii.
1142 1350 1172 1386 2,
1186 1350 1230 1380 ll.
1267 1350 1340 1380 Gor-

831 1399 890 1427 pus
904 1389 1036 1418 solidum
1056 1394 1087 1418 et
1105 1389 1187 1419 succi
1206 1388 1340 1428 plenum.

838 1428 918 1458 Eun.
942 1429 972 1457 ii.
996 1428 1024 1464 3,
1043 1427 1091 1458 26.
1136 1428 1184 1457 Tu
1208 1428 1286 1457 mihi
1310 1438 1342 1456 es

836 1477 1022 1535 germanugd
1030 1467 1141 1534 plaigter
1165 1476 1288 1535 gofflore
1312 1471 1343 1496 et

837 1516 949 1535 auimo.
1025 1516 1040 1535 e
1097 1529 1104 1535 .
1119 1516 1148 1534 v.
1185 1529 1192 1542 ,
1248 1527 1254 1534 .

876 1547 1033 1580 corrector]
1055 1516 1220 1582 {orrea-tor,
1235 1554 1343 1583 nempe

838 1588 891 1613 tua
904 1588 967 1613 arte
981 1583 1087 1622 viginti
1101 1584 1204 1613 minae
1218 1584 1342 1622 periere.

840 1622 972 1661 Adelph.
987 1623 1026 1652 iv.
1043 1622 1071 1658 7,
1085 1622 1132 1652 24.

876 1662 1004 1699 corriyo]
1059 1661 1218 1700 Oorriyere
1264 1660 1342 1690 mihi

838 1701 1223 1772 ffla²im1i⁰“⁰022{{⁰¹oe}{'
1244 1700 1342 1768 affl}

839 1778 919 1808 Eun.
944 1779 984 1808 iv.
1008 1778 1037 1814 5,
1064 1777 1109 1808 ll.
1153 1777 1236 1808 Illud
1264 1778 1344 1816 quod

838 1818 948 1847 cecidit
970 1818 1059 1852 forte,
1081 1818 1113 1847 id
1137 1823 1200 1846 arte
1228 1821 1263 1846 ut
1280 1827 1345 1846 cor-

839 1857 928 1895 riqas.
953 1856 1084 1894 Adelph.
1097 1858 1136 1885 iv.
1149 1856 1178 1892 7,
1189 1855 1237 1885 23.
1279 1856 1345 1884 Aut

839 1905 874 1925 ea
908 1895 1075 1925 refellendo
1107 1899 1159 1924 aut

840 1935 925 2002 xlrgbis
942 1935 1130 1973 corriyemus.

880 2012 1033 2050 Corripio]
1063 2012 1149 2041 Intro
1165 2016 1200 2041 ut
1219 2022 1269 2041 me
1281 2021 1345 2041 cor-

840 2052 931 2088 ripui.
965 2051 1109 2090 Corripui
1122 2050 1193 2080 ilico
1204 2061 1254 2080 me
1265 2051 1344 2080 inde.

843 2090 919 2120 Hec.
934 2091 977 2119 iii.
995 2090 1022 2126 3,
1039 2090 1067 2127 5,
1085 2089 1129 2119 16.
1153 2090 1202 2120 Cf.
1218 2090 1257 2119 iv,
1276 2089 1302 2126 l,
1318 2090 1345 2119 3.

880 2132 1051 2167 corrumpo]
1089 2129 1197 2158 Potius
1211 2139 1300 2167 quam
1317 2133 1347 2157 te

841 2168 996 2205 corrumpi
1005 2168 1095 2197 sinat.
1119 2168 1199 2196 And.
1211 2168 1242 2197 ii.
1257 2167 1286 2203 3,
1297 2167 1344 2196 22.

845 2207 958 2235 Vereor
971 2216 1009 2235 ne
1024 2205 1137 2235 mulier
1148 2227 1155 2233 .
1167 2229 1174 2235 .
1185 2229 1191 2235 .
1204 2209 1348 2244 corrupta

844 2246 892 2274 sit.
917 2245 1030 2274 Heaut.
1042 2245 1073 2274 ii.
1085 2244 1114 2280 2,
1124 2243 1153 2272 2.
1195 2245 1244 2274 Tu
1259 2244 1345 2273 illum

843 2293 984 2352 ‘ii’fi'i‘i'’
978 2293 1105 2350 5153?ss
1118 2283 1349 2360 02:353}JJ‚?;;.223;

845 2361 945 2389 cautio
959 2364 1013 2389 est.
1050 2360 1181 2400 Adelph.
1198 2361 1240 2390 iii.
1257 2361 1285 2396 3,
1300 2360 1347 2391 67.

846 2399 1014 2466 l'ragdssgm
1025 2401 1236 2438 corrumpitur.
1259 2399 1348 2429 Adel.

846 2448 886 2468 iv.
923 2461 930 2472 ‚
986 2461 992 2468 .

884 2476 1065 2515 corruptela]
1090 2477 1273 2507 Communis
1286 2487 1349 2507 cor-

846 2515 969 2583 fflinilz
1014 2520 1153 2589 ngst'ii'um
1207 2516 1347 2546 liberum.

901 2564 916 2583 e
931 2564 949 2593 p
974 2564 1025 2584 .V.
1062 2578 1069 2590 ,
1106 2578 1112 2584 .

885 2596 963 2628 cras]
986 2593 1079 2623 Thais
1094 2594 1228 2623 maximo
1244 2599 1272 2624 te
1287 2605 1350 2623 ora-

847 2631 898 2660 bat
910 2642 997 2668 opere
1007 2639 1113 2662 utcras
1124 2634 1244 2663 redires.
1267 2633 1348 2663 Eun.

847 2670 890 2699 iii.
917 2670 944 2706 3,
968 2670 1017 2704 27.
1061 2671 1156 2701 Mox:
1185 2682 1253 2701 cras
1275 2673 1348 2702 redi.

848 2708 978 2748 Adelph.
987 2710 1017 2738 ii.
1034 2709 1060 2746 1,
1071 2710 1117 2739 50.
1148 2710 1240 2740 Cras.
1249 2734 1256 2740 .
1265 2734 1271 2741 .
1281 2721 1349 2740 cum

845 2749 942 2787 primo
956 2747 1037 2778 lucu.
1068 2749 1199 2787 Adelph.
1214 2760 1242 2779 v,
1259 2750 1287 2787 3,
1302 2750 1350 2780 55.

847 2786 925 2817 Cras
938 2797 1035 2817 mane.
1059 2787 1183 2818 Phorm.
1199 2788 1243 2817 iii.
1259 2788 1287 2823 2,
1303 2789 1350 2819 46.

884 2827 1010 2859 crassus]
1055 2826 1184 2864 Magnus
1207 2828 1351 2857 rubicun-

845 2865 912 2901 dus,
935 2865 1058 2903 crispus,
1082 2875 1207 2902 crassus,
1227 2867 1349 2896 caesius.

847 2903 924 2933 Hec.
939 2903 984 2933 iii.
1000 2904 1028 2939 4,
1043 2903 1090 2933 26.

885 2942 1038 2977 Cratinus]
1073 2943 1145 2971 Scin
1161 2943 1283 2973 Cratini
1296 2944 1351 2973 hu—

1203 1895 1345 1933 iurgando

1202 1944 1245 1964 ec.
1263 1935 1295 1964 ii.
1315 1933 1344 1970 2,

842 2981 893 3020 jus
906 2981 978 3010 ditis
991 2982 1079 3010 aedes
1088 2983 1102 3010 Ρ
1126 2982 1254 3020 Adelph.
1268 2984 1308 3013 iv.
1321 2983 1350 3019 2,

505 3019 544 3049 Ρ.
560 3019 656 3050 Cordi
663 3021 676 3051 ἒ
711 3021 794 3051 And.
844 3019 892 3050 42.
934 3019 1093 3051 cratinum
1107 3030 1232 3051 censeo:
1256 3022 1280 3052 si
1296 3023 1349 3052 tibi

1378 376 1507 406 videtur.
1566 376 1606 407 D.

1379 415 1503 445 Phorm.
1520 415 1551 446 ii.
1567 418 1597 451 4,
1613 415 1640 448 7.

1417 454 1527 489 creber]
1562 455 1700 485 Haecine
1713 456 1884 486 0101111110-

1379 504 1433 523 nes
1446 493 1588 524 crebrae?
1610 493 1734 524 Phorm.
1747 504 1776 524 v.
1789 495 1819 532 8,
1833 495 1882 525 23.

1417 532 1530 567 crebro]
1571 532 1703 562 Scortari
1716 533 1816 563 crebro
1829 543 1885 564 no-

1378 571 1468 609 lunt3
1491 571 1602 601 nolunt
1625 572 1725 602 crebro
1745 573 1886 602 conviva-

1379 611 1448 640 rier.
1479 610 1592 640 Heaut.
1613 611 1632 641 i.
1655 610 1685 648 2,
1707 611 1753 641 32.
1804 611 1887 648 Quin

1380 650 1443 679 ruri
1458 659 1521 679 esse
1535 650 1635 679 crebro
1649 649 1750 680 soleo..
1763 650 1840 681 Hec.
1851 651 1884 681 ii.

1383 688 1481 725 1,18;
1503 689 1548 718 iii.
1565 688 1591 725 3,
1606 689 1656 718 52.

1420 727 1581 764 credibilis]
1608 728 1726 757 Hocine
1737 727 1888 764 credibile,

1381 771 1435 835 xlzut
1455 766 1676 796 memorabile?
1704 767 1786 797 And.
1802 769 1841 797 it.
1859 766 1888 804 l,

1421 844 1521 882 credo]
1541 844 1711 881 Qnaemihi
1723 855 1814 874 suum
1825 845 1889 875 nni-

1384 893 1468 951 5-31-21
1484 885 1891 954 818388888778888878118.

1407 933 1416 951 2
1441 932 1451 951 ι
1465 946 1472 952 .
1533 933 1551 952 11
1577 946 1583 952 .
1605 933 1625 953 1.
1646 932 1674 958 o,
1742 946 1749 953 .
1819 933 1836 952 r

1386 962 1562 1000 impetrabo.
1605 962 1687 991 And.
1716 962 1747 992 ii.
1778 961 1806 999 l,
1843 961 1889 992 13.

1384 1000 1505 1031 ‘Credon
1526 1001 1582 1030 tibi
1604 1001 1661 1030 hoc
1677 1001 1782 1030 nuuc?
1809 1001 1890 1030 And.

1387 1040 1432 1069 iii.
1455 1039 1485 1074 2,
1513 1039 1557 1071 17.
1601 1040 1717 1069 Audivi
1741 1043 1772 1069 et
1791 1041 1891 1070 credo.

1389 1079 1470 1108 And.
1493 1078 1538 1108 iii.
1555 1078 1584 1112 2,
1600 1078 1646 1108 31.
1690 1078 1761 1108 Tibi
1782 1088 1837 1124 ego
1857 1083 1893 1108 ut

1387 1117 1518 1153 credam,
1533 1117 1682 1147 furcifer?
1702 1118 1783 1147 And.
1799 1118 1846 1148 iii.
1862 1117 1893 1153 5,

1643 376 1714 415 Dic,
1732 406 1739 411 ,
1748 377 1882 410 Cratino.

1392 1156 1435 1186 12.
1478 1156 1558 1185 Satis
1575 1157 1672 1186 credo.
1703 1157 1786 1186 And.
1806 1156 1848 1186 iv.
1866 1155 1894 1192 l,
1955 1185 1957 1189 ,

1389 1195 1435 1224 49.
1479 1195 1665 1234 Perpulchra
1689 1195 1778 1224 credo
1805 1195 1894 1232 dona,

1389 1239 1443 1263 aut
1463 1235 1573 1263 nostris
1594 1234 1716 1263 similia.
1748 1234 1828 1264 Eun.
1849 1234 1894 1264 iii.

1389 1273 1418 1309 2,
1446 1272 1491 1302 15.
1534 1273 1622 1302 Ν11111
1651 1274 1705 1302 tibi
1733 1274 1896 1312 quicquam

1389 1312 1485 1342 credo.
1529 1311 1623 1342 Crede
1645 1312 1702 1341 hoc
1715 1321 1800 1342 meae
1813 1312 1895 1342 fidei.

1392 1351 1472 1380 Eun.
1502 1361 1530 1380 ν.
1559 1350 1589 1386 2,
1617 1350 1666 1387 45,
1693 1350 1740 1380 59.
1794 1350 1896 1388 Erras,

1391 1391 1414 1419 si
1445 1390 1475 1418 id
1502 1390 1609 1426 credis,
1637 1394 1668 1419 et
1700 1400 1750 1419 me
1778 1390 1896 1428 ignoras

1392 1429 1504 1458 Clinia.
1535 1429 1647 1458 Heaut.
1663 1429 1684 1458 i.
1701 1428 1727 1465 1,
1745 1428 1792 1459 53.
1835 1428 1897 1458 Fae

1393 1472 1427 1497 ut
1439 1469 1548 1497 audeat
1568 1468 1625 1497 tibi
1646 1468 1765 1497 credero
1785 1468 1895 1498 omnia.

1396 1507 1505 1536 Heaut.
1527 1516 1555 1536 v.
1581 1506 1607 1544 1,
1622 1505 1669 1536 53.
1713 1506 1809 1537 Crede
1829 1506 1897 1543 hoc,

1392 1556 1472 1614 {giu
1485 1555 1605 1613 ‘iieiimi
1633 1546 1687 1613 ἕω
1703 1584 1729 1614 11
1746 1555 1899 1615 353¹OE

1393 1624 1474 1652 consi
1491 1623 1519 1652 ia
1534 1624 1647 1653 omnia.
1678 1623 1809 1662 Adelph.
1825 1633 1853 1654 v,
1869 1624 1898 1661 4,

1396 1661 1440 1691 18.
1483 1662 1574 1698 Quod
1592 1672 1646 1700 ego
1664 1672 1823 1700 nunqunm
1836 1672 1899 1692 cre-
1926 1689 1932 1699 ,

1392 1701 1459 1730 didi
1475 1701 1549 1731 fore.
1581 1701 1657 1730 Hec.
1675 1701 1696 1731 i.
1711 1701 1740 1736 2,
1754 1701 1803 1731 23.
1846 1700 1900 1730 Ti-

1394 1750 1462 1769 meo
1486 1750 1525 1769 ne
1549 1739 1632 1769 aliud
1655 1740 1786 1776 credam,
1808 1744 1900 1778 atque

1394 1778 1478 1808 aliud
1499 1780 1634 1808 nuncies.
1671 1779 1747 1809 Hec.
1768 1789 1797 1809 v.
1817 1780 1847 1815 4,
1869 1780 1899 1809 4.

1396 1818 1456 1854 Qui
1492 1819 1570 1847 istuc
1599 1818 1720 1847 credam
1753 1819 1797 1848 ita
1825 1827 1901 1854 esse,

1394 1857 1472 1925 {nbihi
1488 1857 1549 1886 dici
1563 1856 1668 1887 velim.
1691 1856 1817 1887 Phorm.
1831 1867 1862 1887 v.
1871 1856 1901 1893 6,

1414 1919 1542 2003 ..8888817
1560 1934 1620 1964 888
1635 1934 1713 2005 78
1726 1937 1903 2004 &sirmi

1395 1984 1773 2089 cafiessitemrlitnifgrpg’lhin&
1788 1983 1903 2081 ξάξιξιζί

1432 2062 1488 2081 eau
1504 2075 1510 2081 .
1540 2061 1560 2081 1.
1605 2074 1613 2087 ,
1657 2058 1661 2064 ·
1696 2074 1703 2081 .
1775 2061 1806 2080 ιιι
1873 2061 1887 2080 e

1397 2091 1476 2129 quod
1493 2097 1552 2119 tam
1569 2101 1587 2119 a
1599 2091 1685 2119 nobis
1698 2091 1830 2129 graviter
1840 2061 1905 2119 οξε-

1394 2132 1525 2203 liger-ug
1542 2130 1645 2196 fan-es?
1671 2129 1787 2196 {ispum
1808 2128 1903 2197 1114831Ξ

1397 2177 1415 2196 0
1440 2191 1444 2195 .
1519 2178 1551 2196 ιιι
1586 2177 1658 2197 nam
1685 2178 1744 2197 orls
1764 2178 1812 2198 cre
1856 2178 1867 2197 ι
1890 2190 1898 2197 .

1399 2205 1530 2244 Adelph.
1546 2207 1578 2235 ii.
1595 2205 1622 2241 3,
1640 2205 1685 2236 11.
1809 2177 1855 2206 1²²⁴

1436 2248 1542 2280 cresco]
1584 2245 1664 2275 Date
1683 2245 1832 2275 crescendi
1854 2255 1904 2275 co-

1399 2283 1486 2322 piam.
1503 2284 1616 2314 Heaut.
1625 2284 1763 2314 Prol.28.
1792 2284 1904 2323 Plagae

1398 2326 1536 2352 crescunt.
1559 2323 1683 2354 Phorm.
1699 2333 1727 2353 V.
1742 2323 1772 2360 2,
1789 2323 1834 2353 16.

1437 2362 1560 2397 crimen]
1585 2362 1669 2391 Hera
1682 2363 1716 2392 in
1728 2363 1839 2392 crimen
1853 2372 1905 2392 ve-

1399 2401 1473 2430 niet.
1502 2401 1579 2430 Hec.
1601 2401 1644 2430 i1i.
1667 2401 1694 2438 l,
1709 2401 1756 2431 5⁵.
1804 2401 1905 2440 Explo

1399 2440 1536 2469 animum
1554 2440 1601 2475 iis,
1611 2444 1702 2479 teque
1715 2440 1773 2469 hoc
1781 2441 1905 2470 crimine

1400 2479 1517 2518 expedi.
1552 2479 1628 2508 Hec.
1655 2489 1682 2509 V.
1713 2478 1740 2516 1,
1767 2479 1814 2509 28.
1869 2479 1904 2509 Si

1400 2518 1579 2556 compererit
1587 2518 1710 2547 crimini
1719 2528 1750 2547 se
1757 2517 1831 2548 falso
1842 2528 1905 2548 cre-

1401 2557 1520 2586 didisse.
1551 2556 1628 2586 Hec.
1652 2567 1680 2586 v.
1703 2556 1733 2593 2,
1758 2556 1803 2587 13.
1855 2557 1906 2586 Ex

1399 2596 1522 2625 crimine
1541 2595 1598 2625 hoc
1618 2595 1696 2625 Anti
1717 2595 1830 2625 bouem
1849 2597 1907 2626 eri·-

1400 2635 1488 2680 piam:
1512 2634 1636 2680 Ifhorm.
1653 2635 1684 2664 ii.
1699 2606 1728 2671 2,
1744 2634 1771 2664 8.
1835 2674 1842 2681 ,

1401 2672 1908 2780 3,{”35-7;32⁹.5.1...{3²3{1J¹²1⁶2⁶33.¹25

1402 2789 1906 2867 duzssffitfssmffiffffsszzfssl‘zffsst

1403 2867 1478 2897 Hec.
1494 2868 1539 2896 iii.
1556 2867 1585 2903 4,
1599 2866 1645 2896 26.
1677 2871 1680 2874 ’

1442 2906 1538 2940 Orico]
1586 2905 1672 2934 Haec
1700 2905 1836 2935 Andriae
1862 2905 1907 2936 fa-

1401 2944 1492 2974 bulae
1505 2954 1631 2982 persona
1644 2949 1698 2973 est.

1440 2984 1599 3019 cruciatus]
1619 2982 1709 3012 Hane
1721 2983 1780 3012 ‘am
1789 2980 1914 3022 oportet*

1403 3022 1436 3052 iu
1446 3023 1608 3052 cruciatum
1617 3021 1688 3052 hinc
1697 3032 1714 3052 a
1736 3021 1802 3061 ripi.
1821 3022 1904 3052 And.
