2020 3412
299 255 384 299 &w

303 381 379 402 cere.
403 371 484 401 Eun.
499 381 528 401 v.
545 370 629 408 4,10.
651 371 810 410 Inyenium

324 411 378 440 uid
411 411 504 449 possit
537 421 650 440 meum.
693 411 807 441 Heaut.

332 450 386 480 rol.
402 450 451 483 47.
492 450 616 489 Inyenio
641 455 672 479 te
690 461 755 480 esse
777 451 809 478 in

303 488 414 519 liberos
429 489 490 519 leni
505 495 586 528 puto.
615 489 729 519 Heaut.
745 490 764 519 i.
783 488 809 526 l,

303 528 351 558 99.
395 528 493 565 Quale
507 529 654 567 inyenium
675 529 808 557 haberes.

304 567 418 597 Heaut.
435 569 465 597 ii.
482 568 510 603 4,
526 569 552 597 4.
592 567 750 613 Cujusque
765 568 810 596 in-

298 612 573 676 {ssssmfiossssffis
588 607 735 675 5ξὲἳῖίηί
739 606 810 674 1...ῗὲ

301 684 394 715 licere
428 696 496 714 meo
532 686 623 714 modo
661 685 811 721 inyenium

302 725 388 753 fmi?
420 724 533 753 Heaut.
559 724 590 753 ii.
615 724 644 760 4,
666 722 714 754 21.
756 723 810 753 In-

297 764 385 802 yenio
400 764 516 801 egregie
531 763 567 791 ad
589 764 743 792 miseriam
758 773 810 792 na-

302 808 352 831 tus
380 812 457 831 sum.
489 802 602 831 Heaut.
632 802 674 831 iii.
701 802 733 838 'l,
763 801 808 832 11.

303 840 372 871 Nisi
389 841 459 870 illos
471 851 509 870 ex
526 847 578 870 tuo
592 842 709 880 ingenio
726 842 810 881 judi-

301 890 358 909 cas.
383 880 497 910 Heaut.
514 891 542 910 v.
561 879 587 915 1,
603 880 629 911 7.
674 880 809 909 Rursum

300 920 339 948 ad
354 920 505 958 inyenium
518 920 606 949 redit.
641 919 772 958 Adelph.
789 921 808 950 i.

302 957 330 993 1,
354 959 401 987 46.
443 958 602 996 Inqqenium
626 960 698 988 novi
720 964 807 988 tuum

300 996 435 1027 liberale.
471 997 604 1037 Adelph.
634 998 673 1028 iv.
703 997 732 1034 5,
761 997 807 1028 49.

302 1036 449 1066 Liberum
480 1037 638 1075 inueniam.
675 1036 807 1076 Adelph.

299 1085 328 1105 V.
352 1075 380 1112 3,
402 1075 449 1105 43.
493 1076 585 1105 Pium
607 1086 641 1105 ac
662 1076 808 1115 pudicum

299 1114 449 1153 ingenium
475 1125 587 1145 narras.
641 1115 808 1153 Postquam

298 1163 352 1199 par
365 1154 514 1192 inyenium
526 1159 634 1183 nactus
647 1159 701 1184 est.
730 1154 806 1184 Hec.

298 1202 319 1222 1.
335 1192 364 1226 2,
379 1192 428 1227 77,
448 1192 494 1221 95.
539 1193 646 1222 Fuisse
668 1203 738 1232 erga
759 1204 807 1223 me

299 1232 378 1261 miro
411 1232 526 1270 ingenio
555 1238 698 1268 expertus
729 1242 806 1261 sum.

299 1270 378 1300 Hec.
394 1271 436 1300 iii.
454 1270 481 1302 5.
499 1270 544 1300 39.
592 1271 807 1301 Morenumti-

322 1319 394 1338 uum
409 1314 499 1348 atque
511 1311 664 1349 inyenium
677 1311 804 1340 obtines.

335 1358 377 1378 ec.
395 1359 424 1378 v.
446 1350 475 1385 4,
494 1348 542 1378 20.
585 1349 637 1378 Sic
658 1354 704 1379 est
727 1350 807 1387 inqe—

297 1387 391 1416 m'um.
421 1388 545 1417 Phorm.
572 1388 591 1417 i.
615 1389 644 1424 2,
669 1388 717 1417 20.
760 1389 808 1417 Ita

317 1426 434 1465 lerique
444 1427 560 1465 inyenio
575 1437 680 1457 sumus
691 1437 805 1457 omnes.

328 1465 424 1494 horm.
441 1466 460 1495 i.
477 1466 506 1502 3,
521 1465 568 1495 20.
613 1467 741 1495 Adeone
761 1467 807 1495 in-

293 1505 382 1542 genio
397 1515 460 1534 esse
475 1505 550 1534 duro
565 1509 594 1535 te
609 1509 700 1544 atque
721 1506 808 1534 inex-

299 1543 407 1573 orabili
422 1545 437 1573 Ρ
487 1544 532 1573 Te
560 1567 567 1574 .
585 1567 591 1573 .
609 1567 616 1575 .
644 1545 807 1574 adversum

297 1582 448 1619 inveniam
487 1593 594 1612 meum
629 1606 635 1613 .
659 1606 666 1613 .
690 1606 698 1614 .
734 1583 805 1613 tuli.

299 1621 425 1651 Phorm.
441 1622 487 1652 iii.
503 1622 532 1658 2,
550 1621 596 1658 12,
613 1622 659 1652 36.

337 1660 453 1700 ingens]
489 1661 516 1690 Ο
543 1662 688 1700 immite-m
713 1662 806 1691 confi-

298 1700 444 1730 dentiam.
469 1700 550 1729 And.
566 1711 594 1730 v.
610 1701 638 1737 3,
654 1700 684 1730 5.
708 1701 807 1740 Agere

319 1740 407 1768 ratias
422 1762 429 1768 .
447 1762 452 1768 .
470 1761 477 1768 .
494 1740 631 1777 inyentes.
665 1740 747 1770 Eun.
763 1741 805 1770 iii.

321 1801 328 1815 ,
342 1778 370 1807 2.
415 1778 494 1808 Fero
508 1778 570 1807 alia
588 1779 703 1817 flagitia
719 1780 756 1808 ad
778 1784 808 1809 te

297 1817 438 1856 inqeneia.
463 1817 595 1855 Adelph.
611 1819 652 1847 iv.
669 1817 697 1854 7,
714 1817 741 1848 3.

338 1855 497 1895 inyenuus]
521 1857 596 1886 Sine
610 1861 714 1886 sumtu
728 1858 807 1896 inqe-

298 1905 389 1924 nuam
429 1894 588 1925 liberalem
626 1900 733 1926 nactus
766 1907 806 1927 es.

300 1933 426 1964 Phorm.
443 1935 463 1963 i.
480 1934 507 1970 3,
526 1933 571 1964 16.

339 1974 441 2012 inyero
478 1973 618 2012 Ingeram
632 1974 715 2003 mala
727 1974 808 2003 mul-

299 2013 354 2041 ta?
379 2013 429 2041 An
454 2034 460 2040 .
482 2012 523 2042 iv.
550 2012 576 2049 1,
598 2012 643 2042 16.
686 2013 810 2052 Pugnos

300 2051 333 2121 i7n
346 2056 488 2119 ggntrem
502 2052 610 2090 inyere.
637 2051 762 2083 Phorm.
778 2063 807 2083 v.

322 2113 330 2126 ‚
385 2113 392 2119 .

340 2128 491 2166 inqratiis]
519 2129 667 2167 Ingratiis
686 2134 722 2159 ut
741 2131 809 2159 dor-

300 2167 405 2196 miam.
430 2167 510 2196 Eun.
526 2168 558 2196 ii.
576 2167 603 2204 1,
620 2167 665 2198 14.
696 2169 810 2198 Coacta

301 2206 440 2243 ingratiis
450 2205 573 2244 postilla
583 2207 681 2245 coepit
690 2208 808 2236 victum

301 2243 393 2282 vulgo
428 2254 560 2273 uaerere.
591 2245 704 2274 Heaut.
721 2246 764 2275 iii.
782 2245 809 2281 1,

301 2281 351 2313 37.
429 2292 463 2311 oc
487 2287 647 2320 argentum
670 2284 810 2321 inyratiis

302 2343 336 2389 b.
346 2321 406 2388 4δεῖ
421 2321 527 2350 datum
541 2322 609 2351 erit.
638 2321 764 2353 Phorm.
779 2333 807 2352 V.

323 2382 331 2397 ³
341 2397 493 2438 inyratus]
521 2398 648 2428 Adeone
662 2409 712 2428 me
727 2400 808 2438 igna—

302 2447 378 2466 vum
403 2441 498 2476 putas,
519 2438 633 2467 adeone
655 2448 741 2477 porro
764 2440 808 2468 in-

298 2476 448 2516 9ratum?
476 2476 560 2506 And.
581 2477 602 2506 i.
622 2476 651 2514 5,
672 2476 720 2507 43.
762 2477 808 2516 Ig-

303 2525 410 2545 nosces
429 2519 533 2544 tamen
555 2519 640 2554 post3
661 2521 692 2545 et
710 2516 741 2545 id
764 2517 810 2545 in-

299 2557 431 2593 gratum.
455 2553 569 2584 Heaut.
585 2564 613 2584 v.
631 2553 658 2591 1,
671 2554 719 2585 61.
756 2555 809 2584 Ah

303 2593 437 2622 nimium
458 2602 509 2622 me
534 2594 686 2632 ingratum
711 2599 807 2633 putas.

305 2631 383 2662 Hec.
399 2642 427 2661 v.
444 2632 473 2667 4,
489 2631 535 2662 13.

342 2671 513 2709 inyredior]
537 2670 705 2710 Nunquam
719 2681 751 2700 es
764 2672 810 2701 in-

298 2719 418 2748 gressus
430 2719 522 2739 mare.
545 2709 623 2740 Hec.
638 2709 682 2740 iii.
698 2710 727 2746 4,
741 2710 768 2740 5.

342 2748 504 2786 inhoneste]
560 2748 632 2778 Sese
665 2748 810 2779 inhoneste

303 2788 420 2824 optavit
478 2797 560 2817 arere
593 2787 644 2817 hic
677 2788 807 2818 divitias.

305 2825 387 2855 And.
403 2826 442 2855 iv.
480 2849 487 2861 ,
502 2825 530 2856 2.

342 2863 522 2903 inhonestus]
563 2864 699 2895 Illumne
726 2866 809 2895 obse-

302 2912 354 2932 cro
398 2903 579 2932 inhonestum
623 2903 779 2934 hominem
795 2906 810 2934 ?

303 2941 385 2970 Eun.
409 2942 443 2970 ii.
466 2941 494 2978 3,
513 2941 559 2971 65.
603 2942 710 2981 Quam,
727 2943 808 2972 inho-

301 2983 399 3009 nestae
420 2979 501 3009 solae
522 2981 584 3010 sint
605 2981 698 3019 domi,
717 2986 808 3021 atque

301 3018 407 3049 avidae
420 3019 489 3050 cibi.
512 3018 594 3050 Eun.
609 3029 639 3049 v.
653 3020 684 3058 4,
699 3019 747 3051 16.

1007 255 1208 301 INDEX

896 370 1075 438 inhumane]
1107 371 1211 400 Nimis
1237 371 1369 410 graviter

859 411 974 440 cruciat
1008 411 1064 439 ado
1079 409 1279 446 escentulum,
1321 411 1367 440 ni-

858 450 979 517 miune
1004 449 1171 479 inhumane.
1200 449 1316 480 Heaut.
1338 460 1366 480 v,

859 489 888 525 5,
925 512 932 518 .

899 526 1094 566 inhumanus]
1149 527 1276 557 Adeone
1318 538 1368 558 me

859 571 947 605 putas
961 566 1178 596 inhumanum?
1204 567 1286 596 And.
1304 567 1323 596 i.
1340 567 1368 605 5,

860 606 907 634 43.
932 605 1008 635 Hec.
1026 605 1071 635 iii.
1087 606 1115 642 5,
1131 605 1178 636 49.
1207 606 1276 635 Non
1293 607 1367 636 adeo

860 644 1020 674 inhumano
1035 646 1158 683 ingenio
1173 655 1251 675 sum.
1286 645 1366 676 Eun.

860 694 888 714 V.
910 683 939 720 2,
962 683 1010 714 41.
1053 684 1136 714 Cum
1160 684 1261 714 milite
1284 685 1368 714 inhu-

859 723 1039 753 manissimo.
1086 723 1164 753 Hec.
1201 723 1220 754 i.
1256 723 1285 761 2,
1322 724 1368 755 ll.

861 762 965 792 Homo
985 762 1253 792 inhumanissimus.
1276 763 1367 794 Phor.

861 802 903 831 iii.
919 801 948 838 2,
963 801 1010 831 25.

899 840 1012 880 injicio]
1033 840 1106 871 Sese
1126 841 1158 870 in
1181 842 1282 880 ignem
1301 841 1369 870 in'i-

858 889 923 909 cere
946 880 1054 910 voluit.
1091 880 1173 910 And.
1199 882 1219 910 i.
1247 880 1274 917 l,
1301 853 1366 911 1173.

859 919 993 958 Inficisse
1007 920 1100 949 verba
1114 920 1178 949 tibi.
1208 920 1322 950 Heaut.
1340 931 1366 950 v,

862 957 888 993 l,
912 957 956 989 19.
999 958 1094 997 Injeei
1113 959 1289 998 scrupulum
1314 959 1368 989 ho-

859 998 947 1027 mini.
971 998 1102 1036 Adelph.
1118 998 1148 1028 ii.
1166 998 1195 1034 2,
1209 998 1257 1028 20.
1282 998 1367 1038 Mag-

859 1047 931 1066 nam
949 1037 1027 1066 mihi
1046 1037 1141 1076 injicit
1162 1047 1217 1067 sua
1233 1048 1368 1067 commo-

859 1077 953 1106 ditate
975 1087 1088 1106 curam.
1120 1077 1250 1116 Adelph.
1274 1078 1314 1106 iv.
1338 1077 1367 1113 5,

859 1116 905 1147 76.
955 1115 1072 1155 Injecta
1105 1120 1150 1145 est
1184 1126 1249 1155 spes
1279 1117 1365 1155 patri.

859 1154 982 1183 Phorm.
999 1156 1039 1183 iv.
1055 1155 1084 1191 4,
1103 1154 1147 1185 10.

897 1193 1071 1232 inimicitia]
1106 1194 1181 1223 Esse
1209 1194 1289 1224 inter
1316 1205 1367 1224 eos

857 1233 1037 1262 inimicitias.
1062 1233 1144 1262 And.
1161 1243 1188 1263 V.
1205 1232 1234 1270 2,
1252 1233 1296 1263 ll.
1328 1234 1365 1263 In

856 1281 958 1301 amore
980 1271 1052 1301 haec
1069 1274 1171 1301 omnia
1195 1272 1300 1302 insunt
1322 1273 1366 1302 vi-

857 1313 899 1339 tia
912 1322 919 1340 ε
944 1311 1085 1349 injuriae,
1101 1311 1296 1350 suspiciones,
1308 1313 1366 1341 ini-

858 1350 994 1386 micitiae,
1017 1350 1163 1379 indutiae.
1196 1350 1278 1380 Eun.
1299 1351 1319 1380 i.
1338 1351 1364 1387 1,

860 1387 905 1418 15.
949 1389 1030 1418 Cum
1054 1389 1158 1427 puella
1184 1400 1276 1419 anum
1301 1400 1364 1419 sus-

856 1428 969 1466 cepisse
984 1429 1155 1457 inimicitias
1168 1438 1230 1457 non
1248 1430 1365 1468 pudet?

858 1467 935 1496 Hec.
951 1467 983 1496 ii.
1003 1466 1028 1500 1,
1044 1466 1091 1496 34.
1120 1467 1285 1506 Nunquam
1302 1473 1364 1498 tam

856 1516 961 1544 graves
975 1506 1013 1535 ob
1027 1505 1105 1535 hanc
1126 1507 1297 1536 inimicitias
1317 1518 1366 1537 ca-

857 1555 958 1582 perem
986 1546 1018 1574 in
1046 1549 1176 1575 vestram
1203 1546 1363 1577 familiam.

858 1584 1032 1618 Phorm2ii.
1049 1583 1077 1621 3,
1088 1584 1136 1615 23.

896 1622 1050 1662 inimicus]
1081 1623 1115 1653 Si
1130 1624 1288 1662 capiendos
1305 1626 1363 1654 mi·-

857 1661 889 1691 hi
905 1663 999 1692 sciam
1022 1672 1086 1692 esse
1109 1663 1244 1692 inimicos
1258 1674 1365 1693 omnes

857 1701 1003 1731 homines.
1028 1702 1164 1732 And.iv.
1179 1702 1209 1738 2,
1227 1701 1271 1732 12.
1305 1703 1364 1732 Po-

858 1742 918 1770 tius
946 1751 1037 1779 quam
1065 1745 1095 1770 te
1123 1742 1279 1771 inimicum
1313 1742 1364 1772 ha-

859 1780 954 1809 beam.
978 1780 1059 1810 Eun.
1081 1781 1100 1810 i.
1123 1780 1153 1817 2,
1178 1781 1225 1810 94.
1269 1781 1364 1811 Hunc

857 1823 976 1848 tantum
994 1819 1149 1849 hominem
1162 1820 1254 1849 samias
1262 1821 1363 1850 inimi-

856 1867 923 1887 cum
938 1858 1004 1887 tibi.
1029 1858 1110 1888 Eun.
1127 1860 1166 1888 iv.
1183 1859 1211 1895 7,
1229 1859 1275 1889 32.
1318 1860 1362 1889 Is-

859 1901 909 1926 tuc
923 1898 1054 1926 inimicis
1067 1898 1132 1927 siet.
1156 1898 1268 1928 Heaut.
1288 1908 1317 1928 v,
1334 1898 1363 1934 3,

860 1935 905 1966 13.
949 1936 997 1965 Ex
1012 1938 1115 1966 amicis
1129 1937 1246 1966 inimici
1257 1942 1293 1967 ut
1301 1938 1363 1967 sint

857 1976 946 2004 nobis
960 1976 1064 2004 affines
1087 1976 1167 2006 facis.
1191 1976 1268 2006 Hec.
1285 1977 1317 2007 ii.
1336 1976 1362 2013 l,

860 2013 906 2044 14.
943 2014 1111 2044 Iracundus
1137 2015 1234 2045 factus
1260 2016 1362 2045 inimi-

857 2054 997 2083 cissimus.
1015 2053 1144 2083 Hec.iii.
1160 2053 1244 2090 1,29.
1272 2055 1362 2084 Ami-

857 2102 910 2121 cus
924 2093 1022 2130 qualis
1046 2093 1102 2122 sim
1125 2099 1178 2122 aut
1200 2094 1271 2132 quid
1296 2104 1362 2132 pos-

858 2132 944 2166 siem,
972 2132 1073 2170 potius
1100 2142 1190 2170 quam
1226 2133 1364 2162 inimicus

858 2170 1028 2236 periculum
1054 2170 1153 2200 facias.
1177 2170 1253 2200 Hec.
1277 2181 1306 2201 v.
1335 2171 1361 2208 1,

897 2246 1008 2285 inique]
1039 2246 1206 2285 Nunquam
1220 2248 1283 2277 vidi
1305 2249 1362 2277 ini-

857 2285 943 2323 quius
975 2285 1171 2314 certationem
1211 2297 1363 2326 compara-

858 2328 930 2352 tam.
963 2323 1094 2362 Adelph.
1125 2325 1156 2354 ii.
1186 2324 1215 2361 2,
1245 2325 1271 2355 3.
1314 2326 1362 2356 Ne

857 2371 927 2391 eum
940 2363 1183 2393 circumventum
1196 2364 1295 2403 inique
1305 2366 1363 2394 ini-

858 2401 911 2439 qui
936 2401 1091 2432 irrideant.
1115 2402 1192 2432 Hec.
1215 2403 1296 2433 Prol.
1313 2404 1360 2434 46.

860 2439 995 2478 Aedepol
1006 2450 1062 2470 nae
1077 2451 1132 2470 nos
1146 2451 1251 2471 sumus
1265 2443 1362 2482 inique

858 2487 954 2516 aeque
988 2489 1094 2509 omnes
1128 2490 1243 2511 inv1sae
1277 2482 1360 2512 viris.

859 2516 937 2547 Hec.
964 2517 996 2547 ii.
1025 2518 1053 2554 3,
1078 2518 1104 2548 l.
1148 2519 1248 2555 Quam
1263 2521 1362 2560 inique

858 2561 1064 2626 pomparatum
1078 2562 1132 2587 est.
1155 2558 1279 2589 Phorm.
1296 2560 1316 2589 i.
1335 2559 1361 2598 l,

897 2633 1027 2678 iniquus]
1055 2634 1101 2664 Ea
1124 2645 1175 2665 me
1202 2637 1362 2675 exquirere

858 2672 954 2711 iniqui
1015 2673 1068 2702 tris
1090 2678 1142 2703 est.
1178 2675 1259 2705 And.
1286 2677 1305 2705 i.
1332 2677 1360 2711 2,

861 2710 906 2740 16.
992 2711 1065 2741 llam
1094 2722 1225 2750 causam,
1255 2715 1360 2744 saltem

859 2750 1003 2787 ineptam,
1050 2750 1168 2788 falsam,
1217 2754 1359 2792 iniquam.

859 2788 940 2817 And.
969 2789 989 2818 i.
1018 2788 1047 2825 5,
1074 2789 1122 2819 22.
1166 2791 1243 2821 Vide
1270 2803 1359 2831 quam

857 2828 975 2894 iniquus
996 2828 1036 2856 sis
1056 2838 1125 2865 prae
1142 2830 1254 2860 studio.
1279 2832 1359 2862 And.

858 2876 884 2895 v.
922 2889 929 2902 ,
945 2866 972 2895 6.
1017 2866 1064 2895 Ne
1078 2867 1156 2897 istuc
1178 2874 1239 2898 tam
1260 2871 1361 2909 iniquo

857 2905 970 2972 pptiare
983 2906 1095 2934 animo.
1119 2906 1196 2936 Eun.
1225 2909 1256 2937 ii.
1282 2908 1309 2943 1,
1333 2910 1359 2938 6.

889 2954 906 2973 e
921 2942 988 2981 plus
1003 2944 1137 2982 iniquum
1177 2948 1250 2975 ossit
1270 2957 1359 2984 quam

856 2991 986 3021 aequum
1013 2983 1116 3012 oratio.
1182 2989 1260 3014 eaut.
1277 2985 1359 3016 Prol.

856 3019 904 3056 27.
947 3020 1087 3052 Fortasse
1100 3021 1291 3062 aliquantum
1303 3025 1360 3055 ini-

1411 371 1498 410 quior
1515 374 1588 401 erat.
1621 371 1736 402 Hesut.
1764 372 1784 402 i.
1809 371 1840 408 2,
1865 371 1915 404 27.

1413 411 1513 446 Quam
1542 411 1639 450 iniqui
1665 414 1736 441 sunt
1761 416 1860 450 patres
1883 411 1915 440 in

1412 460 1520 479 omnes
1541 450 1748 480 adolescentes
1772 451 1917 490 judioes?

1413 488 1528 519 Heaut.
1545 490 1578 519 ii.
1595 488 1622 526 l,
1639 488 1664 519 1.
1706 489 1802 519 Poeta
1823 489 1918 519 sensit

1413 529 1593 567 scripturam
1629 538 1714 558 suam
1742 529 1780 558 ab
1807 528 1919 568 iniquis

1413 567 1573 598 observari.
1611 567 1743 606 Adelph.
1773 566 1855 598 Prol.
1888 567 1917 598 2.

1414 606 1482 635 Vah
1497 607 1503 636 !
1518 606 1587 636 leno
1601 607 1704 646 iniqua
1713 617 1763 636 me
1776 616 1839 636 non
1849 606 1919 636 vult

1413 644 1509 684 loqui.
1534 645 1665 685 Adelph.
1689 645 1825 682 ii.‘·l‚33.
1868 645 1918 676 Ne

1413 694 1484 714 eum
1526 686 1771 714 circumventum
1810 685 1918 724 inique

1413 724 1691 793 {rgiquisgnideann
1727 724 1804 754 Hec.
1833 723 1916 770 Prol.

1454 786 1461 792 .
1546 773 1614 793 crus
1638 773 1744 794 omnes
1768 773 1832 794 esse
1858 773 1918 793 im-

1472 812 1495 832 s.
1520 802 1597 832 Hec.
1623 803 1654 832 ii.
1679 802 1708 840 3,
1732 802 1760 832 5.
1803 802 1840 832 In
1867 812 1919 832 me

1412 851 1516 910 ²131?ssss
1530 841 1785 911 152⁸‘121121310‘22n·¹¹¹'
1814 841 1918 911 ⁵313·

1414 919 1490 949 Hec.
1526 921 1569 950 iii.
1598 921 1627 956 5,
1656 919 1703 950 35.
1779 930 1832 950 um
1859 920 1918 949 im*-

1431 969 1502 1027 ἴυγγι
1523 959 1665 998 postulo?
1690 959 1815 990 Phorm.
1834 959 1867 990 ii.
1888 959 1917 996 3,

1451 1038 1548 1073 initio]
1570 1037 1632 1067 Ubi
1647 1037 1707 1067 erit
1719 1047 1813 1076 puero
1831 1042 1918 1067 nata-

1410 1076 1546 1145 lisldifs3
1567 1077 1621 1107 ubi
1635 1076 1760 1106 initiabu'
1697 1076 1704 1083 ‘
1760 1079 1800 1107 nt.
1823 1076 1916 1108 Phor.

1412 1117 1432 1145 i.
1470 1139 1478 1151 ‚
1513 1116 1540 1146 5.

1449 1155 1581 1191 initium]
1603 1155 1796 1184 Narrationis
1808 1155 1868 1184 inci
1890 1155 1917 1185 it

1409 1194 1484 1223 mihi
1507 1195 1637 1224 initium.
1668 1194 1751 1223 And.
1768 1194 1807 1224 iv.
1822 1193 1852 1230 2,
1888 1194 1915 1224 6.

1410 1233 1501 1263 Unde
1516 1238 1618 1263 ortum
1639 1239 1684 1263 est
1708 1234 1829 1263 initium
1843 1234 1914 1263 irae.

1410 1272 1486 1302 Hec.
1503 1273 1546 1302 iii.
1561 1273 1591 1309 2,
1609 1272 1654 1302 16.
1698 1272 1825 1311 Nequeo
1835 1282 1918 1302 mea·

1409 1321 1479 1340 rum
1495 1322 1596 1341 rerum
1610 1312 1730 1341 initium
1743 1311 1846 1341 ullum
1867 1313 1916 1341 in·

1410 1351 1514 1380 venire
1537 1351 1692 1380 idoneum.
1717 1351 1792 1381 Hec.
1817 1351 1861 1381 iii.
1884 1351 1914 1388 3,

1412 1388 1437 1419 l.
1490 1390 1549 1419 His
1577 1390 1669 1419 rebus
1695 1389 1829 1420 annulus
1854 1390 1916 1420 fuit

1409 1429 1531 1497 iniggcm
1553 1429 1755 1459 inveniendis.
1779 1429 1856 1460 Hec.
1882 1439 1912 1460 v,

1409 1468 1437 1505 3,
1493 1491 1499 1497 .

1409 1507 1914 1591 iissffssfflssffifflfffflfflffi

1408 1586 1677 1615 animadvertenda
1708 1586 1823 1625 injuria
1857 1591 1912 1616 est.

1410 1624 1490 1654 And.
1507 1625 1527 1654 i.
1546 1624 1572 1662 l,
1589 1624 1654 1654 129.
1696 1625 1766 1662 Quo
1775 1626 1845 1664 jure
1854 1635 1915 1664 qua

1408 1663 1531 1703 injuria.
1556 1664 1638 1693 And.
1663 1664 1684 1694 i.
1709 1663 1737 1699 3,
1760 1663 1788 1694 9.
1830 1664 1913 1694 Cum

1407 1713 1443 1771 ep
1456 1702 1696 1771 igjuriamlhmss
1703 1703 1915 1772 εκρῇεῑιύςῐῑιυὲ

1442 1752 1462 1771 n
1486 1765 1493 1772 .
1523 1752 1563 1772 iv.
1698 1765 1704 1772 .
1791 1752 1851 1772 emi
1881 1752 1913 1772 as

1405 1782 1469 1819 jam
1483 1791 1534 1810 me
1549 1765 1672 1811 oneiare
1683 1781 1812 1821 injuriis.
1829 1782 1910 1812 And.

1406 1830 1436 1850 V.
1463 1819 1490 1857 l,
1515 1820 1543 1850 8.
1586 1821 1624 1850 In
1648 1830 1751 1850 amore
1771 1820 1845 1851 haec
1865 1821 1913 1850 in·

1407 1864 1477 1889 sunt
1504 1860 1600 1889 vitia:
1635 1859 1766 1899 injuriae
1788 1860 1914 1900 suspici-

1407 1908 1486 1928 ones.
1511 1898 1591 1928 Eun.
1608 1899 1628 1928 i.
1646 1898 1674 1934 1,
1690 1898 1736 1929 14.
1778 1899 1914 1938 Accepta

1405 1936 1527 1977 injuria.
1551 1937 1632 1968 Eun.
1656 1938 1696 1967 iv.
1713 1937 1742 1974 6,
1757 1937 1804 1968 24.
1848 1938 1912 1968 Mi-

1406 1987 1462 2006 nus
1476 1977 1604 2016 injuriae
1617 1987 1687 2006 meo
1701 1981 1791 2015 gnato
1804 1977 1910 2007 facere.

1407 2015 1520 2045 Heaut.
1547 2016 1566 2046 i.
1598 2015 1625 2052 l,
1653 2015 1700 2045 95.
1743 2015 1912 2046 Parentum

1405 2055 1435 2083 in
1444 2054 1533 2084 ‘uriae
1542 2055 1718 2084 uniusmodi
1727 2061 1800 2101 sunt:
1807 2056 1911 2085 ferme.

1409 2099 1530 2162 indinte
1544 2104 1579 2161 ¹in
1587 2093 1693 2162 'arigim
1713 2094 1912 2163 ilFl'ia-mfissadsg

1407 2171 1448 2200 iii.
1487 2195 1494 2207 ,
1509 2173 1537 2200 4.
1607 2181 1663 2200 anc
1676 2171 1822 2210 injuriam
1832 2172 1910 2201 mihi

1407 2209 1490 2239 nolle
1516 2210 1625 2239 factam
1653 2220 1726 2239 esse.
1776 2210 1820 2240 Το
1846 2221 1912 2241 esse

1406 2249 1567 2287 indignum
1576 2248 1698 2288 injuria.
1725 2249 1913 2288 Accipienda

1406 2292 1437 2316 et
1452 2289 1638 2317 mussitanda
1659 2288 1706 2317 in'
1726 2289 1774 2318 ria
1795 2288 1912 2318 adoles-

1406 2328 1542 2355 centium
1563 2332 1617 2356 est.
1642 2328 1669 2356 A
1693 2327 1772 2366 elph.
1789 2328 1821 2357 ii.
1839 2326 1866 2364 l,
1881 2328 1912 2365 8,

1409 2365 1454 2399 12,
1470 2365 1518 2400 35,
1534 2365 1581 2396 53.
1612 2366 1850 2396 incommodant
1871 2376 1912 2396 ue

1406 2403 1534 2472 ίνῃέινέὂε
1543 2406 1572 2434 vi
1576 2415 1604 2473 ἓ
1611 2415 1717 2435 omnes
1727 2406 1813 2451 fene.
1822 2444 1829 2451 ⁸
1865 2415 1908 2451 ec.

1407 2453 1425 2472 1.
1463 2467 1470 2480 ,
1527 2465 1533 2471 .
1605 2454 1680 2474 nun
1702 2454 1814 2474 namen
1847 2454 1926 2474 na-

1406 2492 1473 2511 rum
1486 2483 1597 2512 audisti
1612 2454 1846 2522 mihiqscripta'g
1865 2483 1912 2513 di-

1406 2523 1493 2551 cam?
1515 2521 1638 2551 Phorm.
1664 2523 1697 2551 ii.
1718 2522 1748 2557 2,
1772 2521 1817 2552 15.
1861 2522 1911 2552 En

1406 2570 1540 2599 unquam
1556 2561 1699 2599 cuiquam
1710 2560 1911 2591 contumelio-

1406 2600 1469 2628 sius
1478 2600 1603 2629 audistis
1616 2600 1727 2629 factam
1740 2599 1886 2640 injuriam
1896 2600 1910 2630 21

1407 2638 1530 2668 Phorm.
1555 2639 1588 2668 ii.
1617 2638 1645 2675 3,
1665 2638 1693 2668 2.
1736 2638 1853 2668 Vereor
1870 2649 1911 2669 ne

1406 2677 1529 2715 indigne
1581 2676 1696 2707 iniuria
1750 2677 1915 2708 afficiatur.-

1406 2715 1529 2745 Phorm.
1558 2726 1588 2746 v.
1619 2715 1646 2753 l,
1671 2715 1698 2746 3.
1741 2716 1853 2746 Nonne
1877 2717 1909 2746 id

1406 2759 1450 2783 sat
1464 2760 1537 2791 erat,
1552 2756 1683 2793 accipere
1704 2755 1742 2784 ab
1763 2754 1818 2784 illo
1831 2755 1911 2785 ὑπἀ-

1405 2794 1508 2824 riom?
1530 2793 1654 2823 Phorm.
1675 2804 1704 2823 v.
1724 2793 1754 2828 2,
1767 2794 1796 2823 4.
1870 2805 1910 2824 na

1404 2832 1519 2902 ξῄέὄία
1539 2837 1584 2862 est
1605 2838 1714 2862 tecum.
1737 2832 1862 2863 Phorm.
1879 2844 1907 2863 v.

1410 2894 1432 2954 '’
1443 2909 1581 2955 injurius]
1602 2909 1689 2948 Ipsus
1702 2909 1759 2939 sibi
1775 2919 1839 2939 esse
1862 2911 1909 2939 in-

1395 2958 1499 2987 jurius
1521 2949 1667 2977 videatur.
1690 2948 1771 2978 And.
1786 2949 1819 2978 ii.
1835 2947 1863 2983 3,
1879 2950 1906 2979 3.

1407 2987 1602 3016 Multimodis
1608 2986 1735 3026 injurius
1741 2997 1781 3017 es.
1792 2987 1909 3017 Heaut.

1405 3025 1436 3055 ii.
1453 3025 1480 3063 3,
1496 3025 1542 3057 79.
1577 3026 1732 3066 Injuviwm
1743 3029 1798 3057 est.
1814 3025 1907 3057 Adel.
