2020 3412
229 243 314 286 280

892 241 1181 284 ADELPHI.

344 355 536 413 Abigam
555 347 776 399 hunc'rus.
837 356 1102 398 Jamdudum
1123 354 1289 410 aliquid
1307 354 1399 396 ruri
1419 370 1547 412 agere
1567 355 1763 399 arbitror.

345 422 420 464 De.
454 421 576 463 Satin
609 421 690 463 scis
721 421 784 463 ibi
815 436 903 462 esse
917 421 937 462 Ρ
999 419 1070 472 Sy.
1105 419 1187 470 Oh,
1209 419 1286 475 qui
1317 425 1487 476 egomet
1516 421 1714 476 produxi.
1765 421 1841 463 De.

405 486 579 542 Optime
599 492 673 529 est.

348 551 488 594 Metui
507 567 562 594 ne
581 552 777 593 haereret
796 550 880 592 hic.

943 549 1015 602 Sy.
1048 549 1195 622 Atque
1214 520 1375 591 iratum
1395 550 1637 592 admodum.

347 617 422 658 De.
458 616 574 662 Quid
593 621 736 658 autem
750 616 770 656 P
831 614 903 667 Sy.
922 613 1144 656 Adortus·
1127 614 1275 671 jurgio
1295 614 1474 657 fratrem
1494 616 1608 671 apud
1627 615 1769 658 forum
1799 627 1845 658 50

348 681 414 722 De
434 680 612 736 psaltria
631 681 749 721 istac.

810 679 884 720 De.
917 678 1008 720 Ain
1027 695 1128 721 vero
1142 680 1162 721 P
1223 679 1294 733 Sy.
1327 679 1439 730 Vah,
1461 681 1575 722 nihil
1594 681 1778 761 reticuit.

348 745 463 787 Nam
482 750 531 786 ut
550 746 855 787 numerabatur
875 744 984 786 forte
1004 749 1233 800 argentum
1252 745 1487 787 intervenit

349 810 491 852 Homo
512 810 596 852 de'
584 810 843 865 lmproviso:
875 810 1014 866 coepit
1034 810 1231 860 clamare,
1257 814 1282 832 “
1300 809 1336 851 O
1357 809 1597 853 Aeschine!

349 874 540 916 Haecine
561 874 728 930 flagitia
748 875 886 917 facere
906 874 974 917 te!
1007 875 1112 917 haec
1133 880 1176 917 te
1197 875 1424 917 admittere

349 939 541 996 Indigna
562 956 717 997 genere
736 946 881 983 nostro
900 940 909 983 ἶ
928 941 953 959 ”
1013 941 1089 982 De.
1123 940 1193 982 Oh
1212 940 1221 982 !
1254 940 1431 982 lacrimo
1452 941 1621 997 gaudio.

1799 953 1843 984 55

352 1004 423 1058 Sy.
460 1010 484 1027 “
498 1006 600 1048 Non
619 1011 669 1047 tu
688 1006 769 1049 hoc
790 1011 1019 1062 argentum
1038 1005 1181 1061 perdis
1202 1005 1276 1047 sed
1295 1005 1432 1047 vitam
1450 1006 1615 1047 tuam.''

349 1070 424 1111 De.
458 1070 609 1113 Salvus
629 1071 698 1121 sit,
720 1086 865 1127 spero:
898 1076 962 1112 est
982 1071 1133 1112 similis
1153 1070 1365 1126 majorum
1384 1086 1520 1112 suum.
1584 1070 1656 1124 Sy.
1688 1071 1793 1113 Hui.

349 1135 424 1176 De.
458 1135 576 1191 Syre,
598 1141 922 1191 praeceptorum
941 1136 1093 1191 plenus
1112 1135 1293 1177 istorum
1311 1135 1398 1177 ille.

350 1199 480 1241 Domi
498 1201 652 1242 habuit
671 1201 785 1242 unde
806 1200 999 1242 disceret.

349 1264 476 1307 Nihil
494 1265 790 1320 praetermitto
809 1281 817 1307 :
850 1265 1137 1307 consuefacio:
1170 1265 1355 1320 denique

1461 1135 1533 1190 Sy.
1566 1136 1678 1192 Phy.

1059 1201 1135 1242 De.
1169 1200 1244 1241 Fit
1264 1200 1423 1242 sedulo.

1799 1276 1846 1309 60

350 1329 569 1385 Inspicere
588 1335 796 1387 tanquam
815 1331 862 1372 in
883 1331 1104 1386 speculum
1123 1331 1170 1371 in
1189 1331 1301 1372 vitas
1321 1330 1514 1373 omnium

349 1395 380 1436 J
379 1396 500 1446 ubeo,
523 1401 651 1452 atque
671 1412 725 1438 ex
745 1396 840 1438 aliis
861 1411 1026 1438 sumere
1046 1395 1291 1451 exemplum
1311 1396 1403 1438 sibi.

351 1459 486 1502 “Hoc
506 1461 679 1503 facit0.''
724 1461 796 1515 Sy.
829 1461 963 1503 Recte
984 1476 1096 1503 sane.

404 1525 504 1567 lide.

347 1591 423 1632 De.
460 1595 486 1613 “
501 1590 597 1633 Hoc
629 1592 748 1636 laudi
783 1591 889 1634 est.''
952 1590 1024 1644 Sy.
1057 1590 1197 1633 Istaec
1227 1606 1294 1633 res
1324 1596 1400 1634 est.

406 1656 576 1698 datur.”

1157 1461 1279 1530 De.'“
1300 1460 1396 1503 Hoc
1416 1461 1601 1517 fugito.''
1641 1461 1713 1516 Sy.
1747 1461 1843 1506 Gal-

1461 1592 1537 1634 De.
1572 1597 1598 1615 “
1613 1593 1710 1635 Hoc
1736 1592 1844 1636 vitio

351 1720 422 1774 Sy.
441 1721 713 1764 Probissime.
745 1722 821 1763 De.
839 1721 973 1763 Porro
989 1720 1264 1774 autem—Sy.
1283 1720 1384 1763 Non
1398 1721 1542 1763 hercle
1557 1722 1693 1764 otium
1704 1727 1768 1765 est
1797 1731 1842 1765 65

276 1826 330 1861 47.
354 1824 496 1864 Abiyam
526 1826 612 1856 hunc
641 1825 714 1869 rus]
773 1825 809 1856 1Ῑ
836 1825 901 1856 will
930 1825 1018 1856 drive

189 1879 191 1881 “
233 1867 300 1897 him
331 1868 379 1898 off
404 1871 438 1898 to
468 1868 524 1899 the
561 1867 720 1909 country!
778 1868 858 1899 This
892 1868 919 1899 is
950 1868 1017 1898 said

232 1910 321 1941 aside
336 1913 370 1941 to
385 1911 441 1941 the
465 1914 653 1951 spectators.
701 1911 754 1942 He
779 1911 856 1942 then
877 1911 956 1942 adds
982 1915 1016 1941 to

234 1953 393 1991 Demea,‘
405 1953 422 1984 I
438 1957 553 1994 expect
567 1954 639 1985 that
653 1954 694 1984 he
710 1957 797 1985 must
819 1954 859 1984 be
881 1954 959 1984 hard
983 1957 1017 1984 at

233 1996 321 2026 work
336 1997 370 2026 in
386 1997 441 2027 the
456 2001 591 2037 country
613 1997 678 2027 this
702 1997 779 2036 long
804 1997 908 2027 while.
954 1998 1016 2027 De.

233 2038 299 2069 Are
314 2049 377 2079 you
391 2049 464 2070 sure
487 2039 558 2070 that
572 2040 614 2070 he
628 2040 655 2070 is
670 2039 760 2070 there
773 2041 784 2069 ?
831 2040 889 2079 Sy.
915 2039 994 2069 Sure
1008 2040 1015 2070 !

233 2081 326 2112 when
358 2082 375 2112 Ι
405 2092 470 2112 saw
495 2082 563 2112 him
600 2082 648 2113 off
679 2081 825 2122 myself!’
881 2082 1017 2122 Bentley

233 2133 316 2164 says,
331 2128 351 2142 ⁸⁴
362 2124 563 2156 Vetustiores
578 2124 652 2157 libri
666 2124 787 2155 habent
799 2126 855 2165 qui
864 2139 874 2158 .-
892 2125 1013 2155 medio-

233 2176 302 2197 cres
332 2168 430 2206 quin,-
465 2168 657 2198 recentiores
687 2177 791 2207 quem.
852 2167 1014 2198 Posterius

233 2209 378 2249 praefero
393 2210 468 2250 quia
490 2210 634 2250 sequitur
649 2219 722 2240 mox
745 2209 902 2240 iratum.”
948 2210 1014 2240 But

232 2252 282 2283 his
296 2261 410 2285 reason
424 2252 500 2284 does
522 2256 581 2283 not
603 2262 689 2284 seem
712 2253 869 2284 sufficient
891 2252 941 2283 for
962 2253 1014 2283 his

220 2295 415 2335 preference
430 2295 468 2326 of
485 2295 541 2326 the
556 2295 651 2326 latest
665 2295 806 2335 reading.
854 2295 993 2327 ‘Iratum
1004 2295 1012 2310 ’

231 2337 297 2369 will
311 2337 406 2369 stand
420 2347 495 2378 very
510 2338 581 2368 well
595 2338 637 2378 by
652 2337 748 2370 itself.

276 2381 330 2412 62.
370 2381 426 2410 ΕΦ
455 2381 530 2411 aliie
558 2390 684 2411 sumere
714 2381 895 2421 exemplum
931 2381 1011 2419 sibi]

232 2422 311 2454 This
326 2422 429 2456 whole
442 2433 575 2463 passage
590 2433 662 2463 may
676 2423 814 2463 perhaps
828 2423 909 2455 have
932 2423 1013 2453 been

233 2465 403 2505 suggested
425 2465 468 2506 by
483 2475 502 2496 a
517 2466 637 2496 similar
661 2475 793 2506 passage
812 2465 847 2496 in
870 2465 1012 2503 Plautus,

232 2507 385 2549 Epidicus
399 2508 443 2539 iii.
459 2509 491 2540 3.
511 2509 612 2540 1-5:

248 2569 269 2585 11
279 2567 365 2617 Non.
382 2568 446 2598 oris
470 2576 566 2599 causa
589 2566 686 2598 modo
711 2566 857 2598 homines
877 2577 1014 2608 aequum

277 2610 479 2685 Sigillliabere
494 2652 658 2693 speculum
673 2651 730 2684 ubi
754 2661 790 2683 os
816 2651 1014 2692 contempla-

319 2698 392 2727 rent
406 2704 519 2732 sumna

277 2737 342 2769 Sed
371 2738 427 2779 qui
460 2737 639 2779 perspicere
667 2738 799 2777 possent
827 2736 930 2769 cordis
962 2745 1013 2767 co-

275 2791 425 2855 Uliilidn
405 2822 630 2863 inspexissent
645 2820 821 2871 cogitarent
834 2823 946 2860 postea

276 2865 387 2898 Vitam
402 2869 440 2897 ut
453 2865 607 2897 vixissent
624 2864 724 2895 olim
715 2874 749 2895 111
763 2862 1012 2894 adnleseentia?

232 2928 377 2970 Plautus,
392 2932 549 2970 however,
564 2941 637 2964 uses
650 2931 707 2963 the
720 2931 889 2972 metaphor
903 2930 941 2961 of
958 2931 1014 2962 the

234 2978 243 2994 ‘
257 2976 424 3017 speculum
437 2974 446 2990 '
481 2985 571 3008 more
596 2975 730 3017 iiten-any
755 2974 835 3006 thau
848 2973 1011 3011 Terence,

1061 1824 1132 1855 who
1147 1824 1256 1855 rather
1270 1826 1362 1855 turns
1376 1824 1432 1855 the
1446 1824 1517 1855 idea
1531 1827 1565 1855 to
1580 1835 1600 1855 a
1613 1835 1685 1856 new
1702 1826 1843 1867 applica·-

1060 1868 1147 1905 ti0n3
1171 1867 1234 1897 and
1260 1868 1292 1897 in
1321 1877 1538 1908 consequence
1563 1868 1711 1899 Donatus
1725 1869 1843 1900 doubts

1060 1910 1203 1941 whether
1218 1910 1273 1941 the
1281 1910 1368 1941 word
1383 1911 1410 1941 is
1425 1911 1544 1952 rightly
1554 1911 1634 1942 used
1644 1912 1730 1943 here.
1770 1912 1843 1943 Ho-

1059 1963 1131 1984 race
1146 1954 1203 1983 has
1219 1963 1238 1983 8
1253 1963 1328 1993 very
1344 1954 1464 1984 similar
1482 1964 1616 1994 passage
1637 1955 1671 1985 in
1687 1955 1754 1986 Sat.
1769 1955 1792 1986 i.
1809 1957 1841 1987 4.

1065 1997 1127 2027 105
1154 1996 1216 2026 and
1241 1996 1413 2036 following,
1438 1997 1474 2027 of
1497 1997 1600 2028 which
1629 1997 1671 2028 lie
1699 1997 1842 2038 possibly

1061 2038 1225 2069 borrowed
1250 2039 1307 2068 the
1336 2039 1407 2069 idea
1432 2039 1515 2070 from
1541 2040 1693 2078 Terence,
1715 2040 1842 2081 though

1060 2081 1102 2112 he
1118 2081 1232 2112 carries
1247 2081 1273 2111 it
1287 2084 1346 2112 out
1359 2082 1428 2112 into
1439 2082 1551 2122 longer
1565 2082 1682 2114 detail:

1293 2150 1314 2166 “
1330 2165 1417 2171 ——
1433 2149 1578 2180 Insuevit
1592 2152 1684 2190 pater
1698 2150 1840 2190 optimus

1144 2190 1206 2221 hoc
1221 2201 1273 2221 me

1101 2233 1150 2265 Ut
1176 2234 1318 2273 fugerem
1344 2234 1498 2274 exemplis
1523 2235 1674 2266 vitiorum
1695 2245 1841 2277 quaeque

1102 2277 1298 2350 Culigtatilizoo
1307 2319 1491 2350 hortaretur
1520 2330 1626 2361 parce,
1663 2320 1841 2362 frugaliter,

1100 2365 1249 2436 Vizaeeliii
1264 2405 1313 2436 uti
1328 2408 1498 2436 contentus
1522 2416 1560 2437 60
1587 2405 1675 2447 qnod
1700 2406 1746 2437 mi
1769 2406 1840 2447 ipse

1102 2493 1110 2508 1
1122 2452 1353 2525 ἕέἔὲῗθξίἒίω
1373 2490 1450 2522 Albi
1475 2493 1513 2521 ut
1536 2491 1619 2523 male
1633 2491 1718 2523 vivat
1741 2491 1838 2531 filius,

1102 2537 1353 2616 Baliiiigtinops?
1384 2576 1541 2616 Magnum
1553 2577 1782 2608 documentum
1796 2586 1839 2608 ne

1145 2618 1280 2657 patriam
1296 2629 1364 2649 rem

1102 2660 1238 2691 Perdere
1253 2661 1323 2701 quis
1338 2660 1436 2699 velit,’
1451 2660 1472 2675 ”

1058 2729 1122 2760 and
1137 2739 1172 2760 so
1188 2739 1230 2760 on
1245 2731 1384 2770 through
1400 2730 1493 2761 other
1509 2741 1607 2762 cases.
1651 2731 1723 2762 The
1736 2731 1839 2762 whole

1058 2782 1191 2812 passage
1215 2773 1243 2803 is
1268 2773 1340 2803 well
1364 2773 1466 2803 worth
1489 2773 1630 2813 reading.
1675 2773 1739 2804 We
1764 2784 1839 2814 may

1058 2824 1206 2855 compare
1221 2815 1287 2846 also
1306 2816 1422 2846 Heaut.
1438 2815 1460 2845 i.
1476 2817 1507 2846 2.
1523 2816 1589 2847 36.

1073 2889 1231 2923 “Scitum
1252 2892 1301 2920 est
1319 2889 1494 2946 periculum
1510 2900 1550 2922 ex
1563 2890 1632 2922 81118
1646 2890 1761 2930 facere,
1777 2890 1837 2922 tibi

1143 2932 1230 2972 quod
1245 2942 1285 2963 ex
1299 2941 1360 2963 usu
1375 2931 1470 2963 siete'
