2020 3412
264 243 348 286 568

291 357 378 396 fhro]
415 356 551 386 Mortem
583 356 678 396 hujus
706 360 767 386 tam

253 395 322 435 fiert
347 396 545 426 familiariter.
583 397 667 426 And.
690 396 710 426 i.
742 395 768 431 1,

262 435 309 465 84.
361 435 471 472 Iratus,
499 441 589 474 atque
616 445 701 474 aegre
718 435 768 473 se—

262 484 338 503 rens.
375 474 458 503 And.
483 475 502 504 i.
532 474 557 510 l,
586 473 650 504 110.
693 474 768 503 Gra-

264 514 342 542 viter
356 513 412 542 sibi
428 514 490 542 dari
512 523 637 542 uxorem
651 512 767 552 serunt.

262 552 345 582 And.
371 553 391 582 i.
416 552 445 588 ⁶2,
460 552 507 581 20.
552 552 636 581 Dum
652 558 770 590 tempus

261 592 300 620 ad
322 601 389 620 eam
409 601 475 620 rem
497 590 572 620 tulit.
602 591 681 619 And.
698 591 718 619 i.
738 590 768 625 2,

265 629 310 662 17.
355 630 444 659 Vitae
481 630 511 659 ui
525 629 678 659 auxilium
692 628 767 657 tulit.

265 669 345 698 And.
372 670 392 697 i.
418 668 442 705 l,
486 669 529 698 15.
575 670 668 697 Aetas
692 667 768 696 tulit.

264 708 345 737 And.
362 708 394 737 ii.
418 708 446 742 6,
463 707 508 737 12.
553 707 616 745 Ego
637 708 768 745 pretium

263 747 301 775 ob
326 747 486 776 stultitiam
500 745 582 785 fero.
618 746 701 775 And.
724 746 767 774 iii.

263 785 291 821 5,
323 786 350 814 4.
399 787 509 823 Aequo
543 785 645 814 animo
669 784 767 822 ferre.

264 824 346 853 And.
376 824 408 853 ii.
439 823 466 859 3,
496 823 542 853 23.
602 824 769 861 Nunquam

261 862 323 891 huc
347 862 502 892 tetulissem
530 863 647 901 pedem.
684 862 767 891 And.

262 902 301 931 iv.
326 901 353 937 5,
379 900 423 930 13.
466 901 551 930 Juno
579 901 697 930 Lucina
713 901 771 937 fer

262 950 361 978 opem.
391 940 472 970 And.
488 941 532 970 iii.
551 939 577 976 1,
596 939 639 970 15.
684 940 767 968 Dum

262 989 309 1008 res
336 979 439 1009 tetulit.
484 979 513 1008 N
518 989 574 1008 unc
602 989 662 1008 non
679 978 768 1017 fhrt:

262 1019 340 1047 feras
375 1019 456 1048 And.
472 1029 499 1048 V.
519 1017 545 1052 1,
562 1017 608 1048 13.
652 1018 697 1047 Ut
717 1028 768 1056 po-

263 1062 336 1092 tero,
348 1059 463 1095 feram.
502 1057 583 1086 And.
609 1067 637 1086 V.
663 1057 692 1092 3,
719 1056 768 1088 27.

264 1096 334 1125 Non
360 1101 395 1125 tu
418 1101 506 1126 tuum
531 1096 646 1125 malum
672 1105 706 1124 ae
729 1105 769 1124 uo

262 1145 370 1210 Ἑειῑῐῐῖἓ,
378 1135 646 1213 ᾶῗνῖατῗέἶῷἒ
653 1134 767 1202 Ρ41ἳυὲἶ

261 1213 295 1242 ii.
319 1212 346 1247 3,
368 1213 414 1242 69.
459 1213 562 1251 Usque
585 1213 660 1241 adeo
685 1211 770 1241 illius

251 1251 341 1289 serre
352 1261 471 1290 possum
485 1252 618 1289 ineptias.
636 1251 716 1280 Eun.
727 1251 768 1281 iv.

263 1289 290 1325 6,
307 1289 333 1319 3.
372 1289 616 1328 Optatumferes.
642 1289 721 1318 Eun.
739 1299 767 1319 v.

262 1328 291 1364 8,
306 1329 353 1360 27.
398 1330 509 1358 Remm
526 1339 600 1366 quas
612 1328 681 1366 fert
699 1329 769 1357 ado-

262 1366 415 1396 lescentia.
460 1367 573 1397 Heaut.
609 1368 640 1395 ii.
679 1366 705 1403 1,
740 1366 769 1396 3.

263 1406 364 1442 Quem
369 1405 479 1443 ferret,
496 1406 519 1435 si
539 1410 692 1442 parentem
707 1416 768 1434 non

251 1444 354 1484 ferret
368 1455 456 1474 suum
469 1446 484 1473 Ρ
512 1445 624 1474 Heaut.
642 1445 660 1473 i.
676 1443 705 1480 2,
720 1444 767 1478 27.

263 1483 349 1512 Illud
371 1483 452 1512 haud
480 1482 628 1518 inultum,
651 1483 676 1512 si
698 1483 769 1511 vivo

253 1522 365 1560 serent.
398 1522 509 1551 Heaut.
525 1532 553 1551 v,
572 1521 599 1558 1,
613 1521 662 1552 45.
705 1521 770 1559 Ego

262 1561 309 1589 illi
330 1561 498 1590 maximam
543 1566 638 1590 artem
652 1561 768 1598 fieram.

265 1599 399 1638 Adelph.
424 1601 443 1629 i.
467 1600 496 1636 2,
539 1599 564 1629 6.
609 1599 717 1637 Neque
738 1600 770 1628 id

263 1639 383 1668 occulte
397 1638 474 1678 fert.
507 1638 638 1676 Adelph.
668 1638 711 1667 iii.
740 1637 769 1674 2,

264 1676 310 1707 30.
354 1677 387 1707 Si
414 1677 576 1715 attigisses,
594 1676 699 1715 ferres
725 1677 769 1705 in-

263 1716 447 1746 fortunium.
471 1715 601 1754 Adelph.
619 1716 651 1745 ii.
676 1715 702 1751 l,
720 1715 767 1745 24.

264 1754 336 1784 Non
345 1761 447 1794 potero
456 1755 607 1792 hocfirre.
638 1754 674 1783 ln
675 1755 770 1793 jurias

263 1793 770 1868 {31¹9‘1‘Qffflffirffizhfflsstess·..²2³3

263 1870 429 1909 voluptatis
449 1872 560 1900 ferunt.
585 1871 661 1900 Hec.
677 1871 718 1900 iv.
739 1869 769 1905 2,

266 1909 312 1940 17.
357 1910 439 1946 Quin
455 1910 535 1948 quod
549 1914 594 1939 est
604 1909 770 1948 serendum

253 1947 346 1987 fhrs?
377 1948 501 1978 Phorm.
517 1949 548 1978 ii.
565 1948 593 1984 3,
607 1947 654 1978 83.
698 1948 770 1977 Non

264 1997 385 2016 causam
413 1988 481 2016 dico
505 1987 579 2026 quin
603 1987 684 2025 quod
705 1997 768 2015 me-

263 2026 341 2055 ritus
364 2027 404 2055 sit
417 2026 514 2064 ferat.
544 2025 669 2055 Phorm.
687 2026 717 2055 ii.
742 2024 768 2062 1,

263 2064 311 2093 42.
355 2065 470 2093 Animo
497 2064 604 2102 iniquo
634 2064 692 2092 hoc
719 2075 737 2093 0

263 2103 427 2170 Jggdofhrre
441 2104 536 2133 aiunt.
560 2102 684 2132 Phorm.
694 2113 724 2132 v.
739 2074 769 2138 ἵ,

264 2179 619 2247 hggzgoaciJmEgggxgsinfe
621 2189 771 2246 &51:333

264 2255 346 2285 Eun.
362 2257 407 2284 iii.
444 2279 451 2290 ,
466 2255 513 2284 25.

293 2295 398 2332 fervo]
415 2294 519 2330 Quum
519 2294 617 2331 fervit
625 2294 769 2328 maxime,

262 2336 326 2363 tam
363 2332 517 2371 placidum
556 2342 647 2370 quam
681 2341 768 2361 ovem

263 2372 366 2402 reddo.
390 2371 522 2409 Adelph.
537 2371 577 2400 iv.
596 2370 622 2406 1,
639 2369 684 2399 18.

294 2410 397 2449 serus]
428 2410 595 2448 Ingratum,
629 2408 769 2437 inhuma-

263 2458 351 2486 num,
362 2448 479 2487 fhrum.
489 2448 583 2494 ’And
594 2448 618 2494 j.
634 2446 725 2507 5‚q43.

264 2485 767 2563 ῑνῖἷῗίἲΫῙνῖἒέξίῗῖἔέᾭίὶῑῇῗ-ἳζ

264 2564 359 2594 lectos
380 2569 521 2601 sternere,
536 2573 661 2593 coenam
681 2573 698 2592 a
719 2572 768 2601 pa-

263 2613 338 2633 rare.
362 2604 475 2634 Heaut.
499 2603 519 2632 i.
545 2602 572 2635 l.
595 2602 642 2634 73.
717 2601 769 2630 uid

253 2643 413 2681 festinas?
473 2642 609 2670 animam
660 2640 766 2679 recipe.

266 2681 399 2720 Adelph.
415 2681 459 2710 iii.
474 2679 504 2715 2,
518 2679 566 2710 25.

293 2720 458 2757 festivitas]
491 2719 556 2748 Mei
577 2717 668 2757 patris
679 2717 767 2755 sesti-

261 2759 384 2788 vitatem
411 2762 442 2788 et
468 2757 654 2787 facilitatem.
685 2755 765 2785 Eun.

262 2807 291 2827 v.
308 2797 337 2830 8,
355 2796 399 2826 18.

291 2836 432 2873 fistivus]
478 2834 631 2864 Festivum
669 2836 765 2871 caput.

265 2873 398 2912 Adelph.
413 2875 444 2903 ii.
465 2873 493 2909 3,
509 2872 536 2902 8.
579 2873 606 2902 O
620 2872 664 2901 mi
674 2873 767 2910 pater

251 2912 451 2952 fistivissime.
494 2912 584 2948 Quod
602 2916 632 2940 te
652 2910 703 2939 isti
723 2910 766 2939 fa-

260 2950 352 2980 cilem
393 2956 423 2980 et
459 2950 604 2988 festivum
647 2952 763 2988 putant.

261 2989 393 3028 Adelph.
409 2999 438 3020 v.
452 2989 482 3026 9,
496 2988 545 3026 26,
559 2988 607 3018 29.

974 239 1172 284 INDEX

850 354 959 395 fhstus]
982 355 1008 386 Ο
1021 354 1119 394 fhslus
1141 355 1206 386 dies
1229 355 1329 387 homi-

821 395 889 424 nis!
912 395 992 424 Eun.
1007 395 1051 423 iii.
1068 394 1096 431 5,
1113 394 1158 424 12.
1202 395 1329 426 Amicas

821 439 852 463 te
886 439 916 463 et
957 437 1096 472 cognatas
1129 434 1264 464 deserere
1298 440 1329 464 et

811 473 907 539 sestlos
928 473 992 501 dies
1014 494 1021 501 .
1038 495 1045 502 .
1062 496 1069 502 .
1089 472 1170 503 11010.
1194 473 1270 503 Hec.
1286 474 1326 504 iv.

852 549 971 589 fidelis]
987 549 1124 580 Fidelem
1137 551 1219 580 haud
1233 552 1328 582 ferme

821 589 945 617 mulieri
961 590 1097 618 invenias
1111 591 1220 619 virum.
1245 591 1326 620 And.

822 627 864 656 iii.
882 626 909 663 l,
923 627 951 657 2.
991 627 1108 658 Paucos
1122 629 1251 668 reperias
1265 639 1327 658 me-

821 666 981 696 retricibus
992 667 1101 706 fldeles
1114 669 1234 697 evenire
1248 679 1329 698 ama-

822 709 909 735 tores.
943 706 1020 735 Hec.
1049 706 1069 736 i.
1101 706 1128 743 1,
1155 706 1183 736 2.
1227 707 1329 743 Quam

813 744 903 781 fideli
940 746 1041 774 animo
1080 746 1111 774 in
1150 745 1239 775 illam
1274 746 1328 775 fui.

824 783 900 812 Hec.
937 784 983 813 iii.
1021 783 1050 821 5,
1085 784 1132 814 22.
1198 784 1329 814 Senibus

813 821 917 861 fidelis
931 823 1005 852 dum
1020 833 1099 859 sum,
1114 823 1250 862 scapulas
1264 834 1328 862 per-

822 861 895 890 didi.
936 861 1062 891 Phorm.
1090 863 1109 893 i.
1138 862 1166 899 2,
1188 862 1235 891 26.
1279 862 1327 892 Cf.

823 901 862 929 iv.
881 899 907 935 1,
925 900 970 930 15.

852 938 944 977 fides]
967 940 1027 968 Pro
1043 940 1145 969 Deum
1163 944 1254 978 atque
1274 939 1328 969 ho-

821 979 942 1007 minum
959 979 1078 1017 fidem!
1103 979 1184 1007 And.
1207 979 1226 1008 i.
1249 978 1278 1013 5,
1299 979 1326 1008 2.

823 1017 868 1046 Te
893 1040 898 1046 .
916 1041 923 1048 .
941 1041 948 1047 .
974 1028 1025 1046 oro
1047 1027 1100 1056 per
1121 1022 1206 1046 tuam
1222 1018 1326 1056 fidem.

823 1055 904 1086 And.
921 1058 939 1086 i.
955 1056 984 1093 5,
999 1055 1046 1086 55.
1090 1056 1226 1085 Nullane
1246 1057 1278 1085 in
1296 1067 1328 1086 re

821 1105 885 1125 esse
914 1095 1032 1124 homini
1059 1096 1201 1133 cuiquam
1220 1095 1326 1133 fidem.

823 1134 905 1164 And.
927 1134 960 1164 ii.
982 1134 1011 1170 5,
1037 1134 1080 1163 14.
1131 1134 1221 1162 Hanc
1231 1134 1328 1172 fidem

822 1173 880 1202 sibi
902 1183 951 1202 me
968 1173 1135 1202 obsecravit
1150 1195 1156 1202 .
1173 1195 1180 1202 .
1196 1196 1204 1203 .
1221 1177 1256 1201 ut
1277 1173 1327 1201 da-

821 1221 895 1241 rem.
919 1211 1001 1241 And.
1018 1211 1049 1240 ii.
1070 1211 1098 1247 3,
1119 1210 1166 1242 27.
1210 1210 1327 1240 Firma-

821 1251 978 1289 vitfidem.
1002 1250 1083 1279 And.
1100 1250 1142 1278 iii.
1161 1249 1187 1286 1,
1202 1250 1229 1278 4.
1253 1250 1327 1278 Pro-

820 1290 983 1327 pemodum
1011 1289 1107 1318 liabeo
1134 1289 1196 1326 jam
1219 1289 1323 1327 fidem.

823 1328 904 1357 And.
920 1328 961 1357 iii.
977 1328 1005 1363 4,
1020 1327 1048 1358 7.
1086 1326 1210 1356 solvisti
1218 1328 1324 1366 fidem.

823 1366 905 1396 And.
929 1367 969 1396 iv.
993 1366 1020 1402 l,
1041 1365 1086 1395 19.
1130 1366 1173 1394 Di
1195 1371 1326 1395 vestram

812 1406 918 1443 fidem.
943 1405 1026 1434 And.
1042 1405 1081 1433 iv,
1099 1404 1126 1440 3,
1150 1404 1175 1433 1.
1219 1404 1327 1434 Tristis

821 1445 964 1473 severitas
983 1444 1063 1472 inest
1077 1444 1108 1472 in
1122 1443 1221 1479 vultu,
1235 1447 1266 1472 at
1287 1453 1326 1472 ue

821 1483 855 1511 in
869 1482 1062 1521 verbisfides.
1087 1482 1172 1511 And.
1184 1492 1211 1511 v.
1233 1481 1262 1515 2,
1297 1482 1324 1511 6.

823 1521 890 1550 Hac
910 1521 939 1550 le
960 1531 976 1549 e
998 1521 1052 1550 tibi
1074 1530 1174 1549 meam
1196 1521 1326 1558 astringo

813 1559 918 1598 fldem.
941 1531 1032 1588 gEun.
1058 1560 1079 1589 i.
1108 1559 1138 1595 2,
1161 1558 1208 1588 22.
1252 1559 1326 1588 For—

822 1599 899 1627 sitan
918 1599 968 1627 hic
982 1598 1060 1627 mihi
1101 1608 1205 1627 arvam
1218 1598 1329 1627 habeat

812 1637 918 1674 fidem.
948 1637 1027 1673 Eun.
1044 1637 1063 1666 i.
1105 1659 1112 1672 ,
1137 1636 1202 1670 117.
1245 1636 1326 1665 Proh

823 1676 924 1704 Deum
941 1676 1060 1715 fidem!
1081 1675 1161 1704 Eun.
1177 1685 1205 1705 v.
1227 1675 1256 1711 4,
1277 1674 1325 1705 21.

823 1714 859 1743 In
882 1714 1057 1744 clientelam
1078 1718 1110 1743 et
1122 1714 1218 1752 fidem
1239 1714 1327 1743 nobis

822 1753 906 1782 dedit
921 1763 959 1783 se.
1003 1753 1052 1782 Do
1072 1753 1161 1788 fidem
1176 1753 1325 1782 futurum.

823 1791 903 1821 Eun.
920 1803 946 1821 v.
964 1791 992 1828 8,
1008 1791 1036 1828 9,
1059 1785 1107 1821 30.
1152 1791 1179 1820 Ο
1195 1791 1326 1829 Jupiter,

821 1831 945 1860 ubinam
971 1835 1017 1859 est
1033 1830 1137 1868 fides?
1159 1830 1271 1859 Heaut.
1294 1831 1324 1860 ii.

823 1868 850 1905 3,
868 1868 911 1899 15.
957 1869 1131 1907 Mihifides
1149 1869 1226 1906 apud
1244 1869 1326 1897 hunc

822 1912 874 1937 est.
898 1908 1010 1937 Heaut.
1027 1907 1071 1936 iii.
1088 1908 1115 1942 3.
1132 1906 1177 1936 10.
1219 1907 1264 1936 Ut
1278 1917 1326 1936 us-

822 1956 913 1984 quam
934 1947 995 1975 fnit
1061 1956 1076 1974 e
1096 1946 1256 1984 quisquam
1275 1957 1326 1984 op·

823 1986 907 2015 tima.
935 1985 1004 2014 Ade
1019 1984 1069 2023 ph.
1084 1985 1114 2013 ii.
1139 1984 1166 2021 1,
1187 1985 1215 2016 7.
1259 1984 1324 2013 An-

822 2024 907 2062 tiqua
920 2024 1033 2052 virtute
1047 2033 1080 2052 ac
1093 2023 1168 2062 fide.
1192 2023 1324 2061 Adelph.

821 2063 866 2091 iii.
884 2062 912 2097 3,
929 2062 976 2091 88.
1019 2061 1112 2091 Illaec
1177 2072 1222 2091 em
1246 2072 1326 2090 nunc

820 2105 952 2131 vestram
987 2100 1137 2138 implorat.
1194 2100 1324 2138 Adelph.

821 2140 866 2169 iii.
882 2140 910 2175 4,
924 2139 973 2169 43.
1015 2139 1070 2168 Sat
1082 2139 1179 2168 adhuc
1200 2144 1253 2168 tua
1273 2149 1326 2167 nos

820 2178 964 2206 frustrata
977 2182 1021 2206 est
1027 2177 1115 2215 fide-⁹-
1141 2177 1272 2214 Adelph.
1284 2178 1323 2206 iv.

821 2216 849 2250 4,
879 2215 924 2245 12.
980 2215 1041 2244 Pro
1070 2215 1187 2244 Divum
1256 2217 1326 2244 em!

824 2253 955 2292 Adelph.
971 2254 1011 2282 iv.
1035 2253 1063 2289 7,
1081 2252 1129 2282 28.
1173 2215 1325 2283 0111Ξὲ11310

822 2292 961 2359 {¹33AE
961 2291 1324 2366 ⁶'10A351p31rt3ffi9'227tss

822 2369 903 2406 quod
925 2369 988 2397 dixi
1003 2368 1110 2406 fidem.
1138 2368 1215 2397 Hec.
1232 2369 1273 2397 iii.
1297 2369 1323 2404 3,

821 2406 869 2436 42.
922 2406 961 2436 Ei
990 2407 1034 2436 rei
1066 2407 1194 2435 firmasti
1217 2407 1322 2445 fidem.

822 2445 898 2475 Hec.
913 2446 954 2475 iv.
973 2445 1002 2480 2,
1017 2445 1044 2475 5.
1089 2445 1189 2481 Dixit,
1211 2446 1324 2484 juriju-

820 2485 914 2513 rando
930 2494 998 2513 meo
1017 2494 1047 2513 se
1060 2484 1157 2522 fidem
1173 2484 1323 2514 habuisse.

821 2522 899 2552 Hec.
928 2532 956 2552 V.
992 2523 1021 2558 4,
1050 2522 1096 2552 31.
1157 2523 1256 2561 Cujus
1289 2527 1323 2552 tu

810 2561 907 2599 fldem
930 2562 961 2590 in
983 2562 1109 2599 pecunia
1129 2571 1196 2600 pers
1217 2563 1322 2592 exeris.

821 2599 944 2629 Phorm.
977 2600 996 2628 i.
1031 2599 1060 2635 2,
1099 2599 1143 2628 10.
1232 2601 1323 2638 equid

818 2644 938 2676 propter
966 2642 1049 2667 tuam
1074 2638 1172 2676 fidem
1201 2639 1324 2677 decepta

838 2681 971 2706 ateretur
1000 2676 1084 2705 mali.
1125 2676 1251 2706 Phorm.
1279 2678 1321 2707 iii.

839 2738 846 2750 ,
875 2714 902 2745 5.
954 2715 1080 2753 Nequeo
1113 2725 1236 2744 exorare

1375 358 1412 387 de
1425 358 1557 397 fidicina
1577 358 1674 390 istac?
1695 359 1776 391 Eun.
1791 361 1836 392 iii.
1851 361 1882 399 2,

1375 398 1402 426 4.
1447 397 1607 433 Quandam
1628 399 1783 434 fidicinam
1801 406 1884 430 amat

1375 436 1425 465 hic
1447 436 1591 466 Chaerea.
1621 430 1701 467 Eun.
1726 448 1756 469 v.
1780 438 1809 475 5,
1834 438 1880 469 15.

1377 474 1500 504 Phorm.
1517 476 1535 504 i.
1554 475 1583 509 2,
1598 475 1646 505 59.

1406 513 1537 552 fidwid]
1558 514 1628 550 Qua

1375 562 1442 582 cere
1457 553 1582 582 audeam
1594 555 1608 582 ?

1696 515 1763 545 acia
1785 516 1817 545 id
1838 515 1884 545 fa-

1663 555 1711 583 nd.
1729 555 1773 584 iii.
1789 554 1818 591 5,
1834 554 1862 587 7.

1406 592 1527 630 figura]
1563 592 1651 622 Nova
1674 593 1782 632 figura
1812 595 1882 623 oris.

1378 629 1457 659 Eun.
1474 631 1504 660 ii.
1521 631 1549 665 3,
1563 630 1611 661 25.
1733 662 1741 672 ,α
1891 662 1897 668 ,

1376 669 1504 744 ηῑξῖᾞ
1530 669 1585 747 {1²31
1606 670 1883 748 ζὶωμῖὲΐάἕᾴἳ

1376 747 1529 777 daturum.
1578 748 1658 777 And.
1696 748 1715 776 i.
1754 747 1780 784 l,
1816 747 1882 778 121.

1375 785 1492 814 Filiam
1530 796 1629 815 meam
1671 787 1786 816 nubere
1829 791 1884 816 tuo

1375 829 1474 862 gnato.
1512 824 1595 854 Istuc
1609 825 1757 864 periclum
1772 826 1802 855 in
1851 827 1884 855 ia

1376 863 1440 892 fieri
1461 874 1550 901 grave
1565 868 1618 893 est.
1651 864 1733 893 And.
1750 865 1793 893 iii.
1831 887 1838 899 ,
1853 864 1883 901 2,

1377 901 1422 931 34.
1466 902 1604 931 Educare
1628 903 1671 932 ita
1692 903 1736 932 uti
1759 903 1783 932 si
1806 909 1885 933 esset

1366 940 1448 978 filia.
1479 941 1558 971 Eun.
1574 941 1593 970 i.
1609 941 1638 976 2,
1653 941 1701 974 37.
1744 941 1884 980 Reliquit

1366 979 1470 1018 filiam
1481 979 1746 1009 adolescentulam.
1766 980 1881 1011 Heaut.

1376 1019 1418 1047 iii.
1438 1018 1466 1052 3,
1487 1018 1534 1048 41.
1577 1019 1670 1048 Nunc
1695 1020 1738 1048 ita
1762 1023 1882 1057 tempus

1375 1062 1420 1085 est
1443 1057 1520 1086 mihi
1556 1065 1590 1086 ut
1617 1057 1738 1096 cupiam
1764 1057 1880 1102 filiam.

1376 1095 1490 1125 Heaut.
1508 1097 1547 1125 iv.
1572 1095 1598 1132 1,
1613 1095 1660 1125 54.
1701 1095 1805 1125 Filtae
1828 1096 1882 1125 he-

1375 1134 1435 1163 rili.
1459 1134 1590 1173 Adelph.
1605 1135 1648 1164 iii.
1663 1134 1692 1171 2,
1707 1134 1735 1164 3.
1762 1134 1882 1165 Filiam

1374 1173 1440 1217 {³1⁰⁵
1441 1173 1495 1240 gir
1512 1173 1734 1241 gnemAvgtliavtiat.
1748 1173 1880 1242 Adelph.

1376 1221 1419 1241 111.
1462 1235 1469 1247 ,
1532 1235 1538 1241 .
1657 1222 1694 1241 uc
1751 1222 1769 1240 a
1797 1222 1834 1241 vo
1855 1223 1882 1242 is

1374 1251 1626 1323 {fairinassfissffffi
1634 1250 1881 1328 Ῐῗέἶὶήῖἷῖῦᾗὲῖἐ

1373 1337 1444 1356 cum
1467 1327 1615 1364 volebam,
1633 1333 1725 1366 atque
1745 1332 1780 1356 ut
1798 1328 1881 1358 vole-

1373 1365 1743 1405 bam,collo‹·atamfiliam.
1755 1366 1880 1397 Phorm.

1372 1415 1400 1433 v.
1419 1404 1446 1439 1,
1463 1405 1508 1434 32.
1552 1405 1601 1434 Ex
1621 1415 1680 1443 qua
1692 1405 1796 1444 filiam
1814 1415 1879 1436 sus-

1373 1445 1461 1481 cepit.
1486 1444 1610 1473 Pliorm.
1626 1454 1655 1473 v.
1669 1444 1698 1479 7,
1712 1444 1759 1474 49.

1403 1482 1504 1520 filius]
1521 1483 1632 1511 Amico
1638 1482 1742 1520 filiam
1755 1483 1879 1513 restitu-

1373 1521 1441 1550 eris.
1465 1521 1550 1550 And.
1564 1521 1609 1550 iii.
1625 1521 1654 1557 3,
1670 1520 1717 1551 38.
1749 1521 1785 1550 In
1800 1532 1878 1561 nup-

1373 1560 1431 1588 tias
1461 1561 1577 1598 eonjeci
1609 1559 1739 1590 herilem
1763 1560 1877 1598 filium.

1375 1598 1456 1628 And.
1471 1599 1513 1627 iii.
1530 1599 1559 1634 4,
1573 1597 1620 1627 23.
1659 1598 1819 1638 Numfilio
1834 1599 1879 1628 vi-

1373 1637 1463 1665 detur
1482 1647 1610 1666 uxorem
1630 1638 1723 1667 dare?
1748 1638 1828 1667 And.
1845 1638 1877 1668 ii.

1375 1674 1402 1710 6,
1417 1675 1465 1705 21.
1509 1675 1590 1704 Mihi
1605 1675 1629 1704 si
1643 1686 1778 1714 unquam
1791 1675 1879 1716 filius

1374 1714 1441 1749 erit,
1456 1724 1512 1743 nae
1533 1714 1588 1743 ille
1607 1714 1689 1744 facili
1711 1725 1760 1744 me
1773 1720 1880 1744 utetur

1373 1757 1465 1791 patre.
1488 1753 1599 1782 Heaut.
1616 1754 1646 1783 ii.
1664 1752 1691 1790 l,
1706 1753 1733 1782 5.
1759 1753 1879 1783 Filium

1373 1792 1500 1820 unicum
1531 1791 1793 1821 adolescentulum
1824 1792 1878 1822 ha-

1372 1830 1437 1858 beo.
1468 1830 1580 1860 Heaut.
1607 1831 1626 1859 i.
1652 1830 1679 1866 l,
1703 1830 1750 1860 41.
1792 1831 1878 1860 Huic

1363 1868 1469 1906 filium
1486 1869 1544 1898 scis
1564 1870 1651 1898 esse?
1680 1869 1799 1899 Heaut.
1811 1871 1832 1899 i.
1846 1869 1877 1906 2,

1372 1907 1399 1938 7.
1446 1907 1549 1942 Serva,
1577 1908 1658 1946 quod
1691 1908 1723 1936 in
1756 1912 1787 1938 te
1821 1912 1877 1945 est,

1363 1945 1475 1983 filium.
1505 1946 1618 1975 Heaut.
1634 1947 1673 1976 iv.
1693 1946 1721 1983 8,
1741 1947 1768 1976 4.
1809 1946 1877 1975 Ma-

1373 1988 1433 2013 tres
1461 1995 1565 2014 omnes
1589 1984 1669 2023 filiis
1697 1985 1730 2014 in
1755 1991 1877 2023 peccato

1370 2023 1543 2060 adjutrices.
1579 2023 1692 2052 Heaut.
1717 2034 1745 2054 v.
1772 2023 1801 2059 2,
1827 2023 1875 2053 38.

1374 2061 1460 2099 Egon
1487 2062 1648 2091 confiteam
1678 2072 1782 2091 meum
1814 2072 1876 2091 non

1372 2109 1435 2128 esse
1459 2100 1572 2138 filium,
1606 2101 1659 2139 qui
1694 2101 1734 2129 sit
1766 2102 1877 2130 meus?

1375 2138 1493 2174 Talem,
1514 2139 1573 2168 nisi
1595 2143 1629 2168 tu
1650 2138 1738 2167 nulla
1778 2143 1876 2168 areret

1363 2176 1476 2214 filium.
1507 2177 1620 2206 Heaut.
1646 2187 1675 2206 v,
1701 2177 1729 2211 3,
1773 2178 1802 2213 4,
1826 2177 1874 2207 20.

1373 2215 1553 2244 consuefeci
1569 2215 1682 2254 filium.
1727 2215 1797 2245 Hoc
1825 2226 1871 2254 pa-

1371 2253 1467 2282 trium
1481 2257 1537 2289 est,
1548 2254 1755 2283 consuefacere
1759 2253 1874 2293 filium.

1374 2291 1505 2330 Adelph.
1525 2293 1544 2321 i.
1566 2291 1592 2326 l,
1610 2292 1659 2328 29,
1680 2292 1727 2322 49.
1771 2293 1875 2323 Tuum

1362 2330 1466 2368 filium
1515 2331 1622 2360 dedisti
1671 2332 1873 2369 adoptandum

1372 2369 1457 2398 mihi.
1487 2369 1618 2408 Adelph.
1635 2370 1654 2399 i.
1670 2369 1700 2405 2,
1715 2370 1762 2400 34.
1804 2370 1874 2399 Hoc

1371 2411 1417 2436 est
1437 2412 1553 2446 patrem
1577 2418 1652 2444 esse,
1673 2414 1727 2438 aut
1747 2408 1805 2437 hoc
1828 2413 1875 2438 est

1361 2446 1466 2484 filium
1492 2448 1579 2476 esse?
1613 2446 1748 2485 Adelph.
1774 2447 1814 2476 iv.
1843 2447 1873 2484 5,

1370 2485 1417 2530 73.
1427 2485 1634 2553 4Mlagorj‘ilius
1643 2490 1723 2515 tuus.
1739 2485 1873 2524 Adelph.

1369 2533 1410 2552 111.
1449 2547 1456 2560 ,
1511 2547 1517 2554 .

1400 2562 1498 2601 finyo]
1544 2562 1678 2600 Finyunt
1720 2563 1871 2600 quandam

1371 2601 1450 2667 i1n5ter
1459 2611 1502 2668 ise
1522 2600 1691 2668 faltlacilaepngl
1707 2601 1789 2669 Andl.
1805 2602 1823 2631 i.
1822 2601 1871 2670 ΒΞ,

1411 2662 1417 2668 .
1490 2650 1520 2668 m
1564 2650 1588 2668 e.
1649 2650 1670 2668 n
1693 2662 1700 2669 .
1720 2649 1753 2669 11.
1796 2663 1804 2676 ‚
1862 2663 1869 2670 .

1371 2650 1555 2716 Nuptians‘ss
1585 2679 1679 2716 gratia
1701 2677 1775 2707 haec
1800 2683 1872 2708 sunt

1360 2717 1445 2754 ficta.
1469 2716 1550 2745 And.
1567 2726 1595 2746 v,
1619 2715 1646 2751 1,
1667 2715 1713 2747 17.
1763 2716 1872 2755 Neque

818 2763 886 2783 cum
921 2753 976 2783 illo
1010 2758 1044 2782 ut
1083 2758 1183 2782 mutet
1214 2754 1319 2792 fidem.
1369 2765 1418 2784 me
1446 2755 1570 2793 finxisse
1600 2754 1669 2783 falsi
1696 2755 1870 2794 quicquam.

819 2792 943 2822 Phorm.
959 2792 1004 2821 iii.
1025 2791 1054 2825 2,
1073 2791 1122 2821 28.
1164 2792 1232 2821 Itan
1258 2803 1321 2830 par-

819 2841 885 2860 vam
902 2830 976 2860 mihi
992 2831 1022 2868 fi

818 2869 941 2899 Phorm.
957 2879 983 2899 v.
1000 2868 1028 2901 3.
1043 2868 1090 2900 27-

846 2908 953 2975 fides&

817 2956 901 2976 scire.
955 2956 1006 2975 un.
1022 2946 1040 2974 i.
1057 2946 1086 2982 2,
1100 2945 1148 2974 53.

1369 2793 1449 2823 Ε1111.
1470 2794 1493 2823 i.
1508 2793 1537 2829 2,
1556 2792 1619 2822 120.
1662 2792 1776 2822 Vultus
1797 2803 1872 2831 quo-

1023 2830 1090 2858 dem
1110 2840 1174 2859 esse
1188 2832 1266 2869 apud
1280 2836 1319 2861 te.
1369 2841 1426 2869 que
1460 2831 1620 2860 hominum
1645 2832 1737 2869 finyit
1763 2831 1869 2862 scelus.

1367 2869 1463 2907 Syrus
1505 2871 1580 2899 mire
1622 2867 1716 2908 finivit
1757 2869 1869 2901 filium.

1002 2907 1160 2945 Virginem
1204 2907 1321 2946 fidibus
1367 2908 1479 2938 Heaut'.
1500 2918 1528 2937 v.
1553 2907 1580 2944 1,
1605 2907 1651 2944 14,
1666 2907 1713 2937 25.
1757 2907 1869 2938 Nonne

1366 2947 1403 2975 ad
1431 2956 1533 2976 senem
1560 2946 1695 2984 aliquam
1721 2946 1871 2976 fabricam.

845 2983 993 3024 fidicina]
1016 2984 1136 3023 Ecquid
1159 2994 1214 3014 nos
1237 2994 1319 3015 amas
1356 2985 1471 3024 finyt’t?
1513 2984 1626 3014 Heaut.
1670 2985 1712 3015 iii.
1755 2984 1784 3022 2,
1817 2984 1866 3016 34.
