2020 3412
279 276 364 318 582

279 392 346 420 erat
356 390 475 429 pictura
487 390 571 420 haec.
594 389 675 420 Eun.
694 389 740 420 iii.
756 388 785 426 5,

280 429 328 459 36.
372 429 475 460 Multa
498 430 529 459 in
557 429 682 459 homine
704 429 788 467 signa

279 468 386 498 insunt.
412 469 541 505 Adelph.
564 479 592 498 V.
613 469 640 504 3,
661 468 712 498 36.
755 469 787 497 Si

300 507 428 537 ericlum
461 508 561 538 ullum
589 510 621 537 in
648 513 678 537 te
706 508 785 536 inest.

279 518 357 576 ileo.
374 547 413 576 iii.
434 546 459 580 1,
474 548 521 577 46.
553 547 595 576 Ni
612 548 656 576 vis
669 547 739 575 boni
755 547 786 575 in

279 587 288 615 i
310 596 341 615 sa
363 586 464 616 ine-,eset
488 588 585 616 forma
617 586 740 615 Phorm.
767 586 785 614 i.

302 648 309 660 ,
329 625 376 654 58.
404 626 483 656 Eun.
500 636 526 655 v.
546 626 576 662 9,
591 625 638 655 63.
672 625 785 654 Heaut.

280 664 322 694 iii.
341 664 367 699 3,
382 664 429 694 48.

319 704 457 741 insuper]
493 703 577 739 Quin
598 702 688 732 etiam
708 703 787 731 insu-

274 751 335 780 per
375 742 472 771 s‹·clus
507 748 622 771 vestem
664 752 786 771 omnem

279 782 408 810 miserae
431 782 566 810 discedit.
591 781 670 810 Eun.
697 782 735 810 iv.
758 780 786 817 3,

280 819 307 849 3.
345 820 385 848 Ni
401 822 545 849 miserum
561 821 681 858 insuper
694 822 787 849 etiam

299 859 355 887 atri
369 859 518 888 indicares
529 861 543 888 Ρ
567 859 646 888 Eun.
661 870 686 888 v.
700 859 728 894 6,
742 859 785 889 13.

279 868 383 927 {Itium
393 898 677 935 insuper-defrudet?
692 898 786 928 Adel-

280 936 331 976 phi
347 938 378 966 ii.
395 936 424 971 2,
441 937 478 966 38

319 977 448 1015 integer]
473 976 557 1013 Quas
580 976 670 1006 saciet
692 977 729 1005 de
742 977 787 1006 in-

279 1018 360 1052 teyro
385 1016 564 1045 comoedias.
597 1016 678 1045 And.
703 1015 786 1046 Prol.

279 1053 326 1083 26.
372 1055 482 1084 Aetate
510 1056 634 1093 inteyra.
667 1055 749 1084 And.
766 1056 786 1084 i.

282 1092 309 1130 l,
321 1093 368 1123 45.
392 1093 473 1123 Eun.
490 1094 533 1124 iii.
548 1094 578 1130 2,
593 1094 642 1123 20.
678 1094 728 1123 Ex
742 1095 786 1123 in-

279 1135 364 1171 teyra
378 1133 494 1162 Graeca
508 1134 656 1171 inteyram
669 1143 788 1163 comoe-

280 1172 362 1200 diam
405 1172 495 1201 hodie
536 1183 604 1201 sum
653 1177 785 1202 acturus.

281 1210 394 1240 Heaut.
411 1211 494 1240 Prol.
515 1211 542 1241 4.
585 1212 676 1241 Ratio
691 1212 728 1240 de
743 1212 788 1240 in-

278 1252 360 1287 tegro
370 1251 504 1279 ineunda
514 1255 559 1279 est
569 1251 654 1280 mihi.
672 1250 785 1280 Heaut.

279 1289 319 1318 iV.
336 1288 366 1325 2,
385 1288 412 1321 7.
466 1289 560 1319 Redit
583 1290 620 1318 ad
642 1291 786 1329 inteyrum

279 1328 384 1357 eadem
401 1330 505 1358 oratio.
539 1329 652 1358 Heaut.
670 1339 697 1358 V.
714 1329 742 1364 3,
758 1329 784 1358 8.

280 1366 360 1396 Ecce
374 1372 477 1396 autem
493 1369 530 1397 de
544 1369 664 1406 inteyro.
689 1368 785 1397 Adel-

279 1406 332 1445 phi
357 1407 379 1436 i.
408 1406 436 1440 2,
471 1406 518 1439 74.
575 1407 657 1436 Eum
694 1407 787 1436 Plau—

280 1452 329 1474 tus
351 1445 452 1474 locum
478 1445 533 1474 reli
559 1447 604 1475 uit
630 1446 785 1485 inteyrum.

281 1483 412 1522 Adelph.
440 1483 521 1514 Prol.
567 1485 595 1514 Ο.
637 1484 727 1514 Alias
753 1491 787 1514 ut

279 1524 325 1552 uti
346 1523 458 1562 possim
482 1534 572 1553 causa
586 1523 641 1553 hac
660 1525 785 1563 inteyra.

280 1563 357 1592 Hec.
381 1563 400 1592 i.
426 1562 455 1597 2,
471 1562 498 1592 5.
530 1563 574 1592 Ut
595 1564 680 1602 virgo
697 1564 733 1592 ab
757 1574 787 1593 se

279 1603 396 1640 integra
417 1602 510 1631 etiam
530 1608 596 1631 tum
615 1604 679 1632 siet.
708 1603 785 1632 Hec.

279 1641 300 1670 i.
309 1640 338 1675 2,
347 1640 394 1672 70.
405 1641 465 1670 Cui
473 1642 511 1671 de
518 1642 630 1680 inteyro
637 1647 682 1671 est
689 1649 786 1680 potes-

283 1684 328 1709 tas
346 1680 533 1710 consulendi.
564 1681 689 1711 Phorm.
715 1682 733 1711 i.
779 1705 786 1716 ,

283 1718 331 1748 22.
389 1719 522 1749 Restitui
556 1719 588 1749 in
629 1721 786 1760 integrum.

280 1757 406 1787 Phorm.
423 1759 455 1788 ii.
471 1759 500 1794 4,
518 1758 564 1788 ll.

319 1797 497 1837 inteyrasco]
522 1798 592 1827 Hoc
611 1798 728 1828 malum
743 1799 788 1829 in-

278 1837 423 1876 teyrascit.
447 1837 529 1866 And.
542 1838 582 1867 iV.
597 1837 626 1873 2,
641 1837 669 1867 5.

318 1875 495 1915 intem-atio]
520 1877 702 1906 Amantium
726 1877 788 1907 irae

278 1915 392 1984 {Enoria
406 1915 572 1954 inteyratio.
597 1916 681 1946 And.
697 1917 743 1946 iii.
761 1916 788 1953 3,

319 1992 533 2033 inteltiqentia]
560 1993 638 2023 Eam
663 1994 789 2025 calami-

279 2036 374 2061 tatem
399 2038 499 2062 vestra
525 2033 621 2062 intell'
638 2034 719 2063 entia
743 2044 789 2064 se-

280 2070 372 2100 dabit.
397 2071 476 2101 Hec.
491 2071 573 2101 Prol.
589 2072 618 2101 2⁴
630 2096 636 2102 .

318 2109 467 2178 intelliqo]
511 2111 614 2140 Aliter
667 2113 788 2142 evenire

279 2148 381 2177 multo
395 2150 454 2178 inte
467 2149 540 2187 liqit.
565 2151 646 2179 And.
660 2150 744 2181 Prol.
757 2152 786 2181 4.

281 2186 414 2216 Faciunt
440 2198 497 2217 nae
530 2188 625 2217 intell·
680 2190 718 2218 do
753 2195 788 2219 ut

279 2225 360 2254 nihil
386 2225 576 2265 intelligant?
597 2228 679 2256 And.
703 2228 786 2257 Prol.

282 2262 328 2300 17.
344 2269 374 2294 et
387 2265 497 2303 passim
513 2265 595 2295 alibi.

319 2302 456 2364 intendo]
479 2303 547 2339 Quo
562 2314 644 2333 nunc
654 2305 786 2343 primum

279 2342 450 2372 intendam.
480 2343 561 2372 And.
578 2343 609 2373 ii.
626 2343 654 2380 2,
671 2343 696 2373 6.
727 2344 786 2374 Re-

278 2381 371 2420 pudio
386 2381 467 2420 quod
482 2381 644 2411 consilium
654 2383 784 2420 primum

278 2420 473 2449 intenderam.
511 2419 660 2451 And.‘iv.
687 2421 714 2458 3,
740 2422 784 2452 18.

279 2458 384 2497 Digna
406 2469 454 2488 res
475 2464 520 2489 est
541 2460 594 2489 ubi
622 2466 656 2489 tu
676 2470 787 2491 nervos

278 2497 415 2527 intendas
438 2503 514 2528 tuos.
538 2498 619 2528 Eun.
643 2499 676 2530 ii.
694 2499 721 2535 3,
737 2500 784 2530 20.

279 2536 370 2567 Hanc
390 2547 455 2567 sese
468 2538 594 2567 intendit
607 2547 679 2568 esse.
703 2538 784 2569 Eun.

278 2576 320 2605 iii.
344 2576 373 2613 3,
398 2575 443 2606 19.
475 2576 663 2606 Intendenda
685 2577 718 2607 in
741 2588 786 2608 se-

277 2625 350 2683 2e¹2n
377 2620 422 2645 est
444 2615 573 2646 fallacia.
604 2616 716 2646 Heaut.
739 2617 783 2647 iii.

299 2677 306 2691 ,
339 2677 345 2684 .

315 2693 406 2732 inter]
421 2693 550 2724 Passim.
570 2693 630 2724 See
641 2693 739 2724 Index
753 2698 785 2724 to

277 2731 330 2762 the
347 2732 452 2762 Notes.

315 2770 479 2810 intercedo]
517 2772 549 2802 Si
577 2771 666 2802 nulla
691 2773 784 2811 aegri-

276 2811 350 2839 tudo
364 2810 435 2839 huic
449 2811 560 2849 gaudio
582 2812 782 2842 intercesserit.

276 2849 359 2878 And.
383 2859 411 2878 V.
437 2849 467 2886 5,
489 2850 516 2879 5.
561 2850 671 2889 Neque
685 2850 780 2880 ullam

274 2897 338 2916 rem
365 2887 563 2918 intercessisse.
590 2889 720 2928 Adelph.
736 2890 780 2919 iii.

274 2925 303 2962 2,
318 2926 365 2955 51.
410 2927 500 2957 Unde
515 2928 560 2957 ira
573 2929 655 2958 inter
669 2938 717 2958 eas
736 2930 780 2958 in-

271 2966 407 2995 tercessit.
431 2966 507 2996 Hec.
523 2967 567 2996 iii.
584 2966 671 3004 1,25.
695 2967 780 3008 Dum

272 3004 430 3078 intescelct7et
437 3004 638 3038 familiaritas.
651 3006 779 3037 Phorm-

271 3052 311 3073 1V.
352 3067 360 3081 ,
416 3065 424 3074 .

975 274 1174 337 INDEX

874 389 1049 429 intercipio]
1073 389 1164 426 Quod
1177 398 1232 419 nos
1240 399 1344 430 capere

837 434 955 467 oportet
969 429 1042 458 haec
1057 429 1214 467 intercipit.
1231 429 1311 459 Eun.
1323 430 1343 459 i.

858 491 1036 546 ²interdico}
1058 506 1209 536 Interdico
1232 518 1270 538 ne
1293 518 1345 538 ex-

840 546 946 576 tulisse
961 553 1047 575 extra
1061 546 1149 576 aedes
1159 556 1283 585 puerum
1298 558 1344 576 us-

838 596 928 624 quam
954 584 1039 614 vclis.
1073 585 1148 615 Hec.
1173 587 1213 615 iv.
1245 585 1271 623 l,
1297 586 1344 616 48.

837 625 1003 654 Inter-dimit
1035 624 1180 654 hariolus.
1219 625 1344 655 Phorm.

838 664 877 692 iv.
891 665 919 698 4,
935 663 981 694 27.

878 703 1008 732 interdiu
1048 702 1154 732 Potest
1163 704 1228 733 fieri
1242 727 1248 733 .
1260 727 1267 734 .
1281 727 1288 735 .
1301 705 1347 733 in-

838 742 945 771 terdiu.
971 744 997 771 A
1023 741 1102 781 elph.
1119 743 1157 772 iv.
1177 742 1203 775 1.
1221 742 1266 774 15.

878 781 1043 820 interdum]
1060 781 1219 811 Interdum
1228 787 1347 821 propter

839 820 978 849 don-mitt.
1003 820 1084 850 Eun.
1105 821 1136 850 ii.
1160 820 1191 857 3,
1210 821 1255 854 77.
1289 822 1346 851 Pe-

838 860 957 888 cuniam
968 859 999 888 in
1010 859 1075 889 loco
1086 860 1236 899 negligere
1245 861 1344 890 maxi-

839 908 924 927 mum
959 899 1106 928 interdum
1141 906 1186 929 est
1212 899 1344 930 lucrum.

840 937 972 976 Adelph.
989 938 1020 967 ii.
1034 938 1063 974 2,
1078 938 1105 968 8.
1139 939 1226 976 Quae
1248 941 1346 969 maxi-

839 982 991 1047 maelsuii't
1006 978 1155 1007 interdum
1171 980 1240 1008 irae.
1266 979 1343 1009 Hec.

839 1025 883 1045 111.
921 1039 928 1050 ‚
985 1039 991 1045 .

877 1055 1007 1094 interea]
1045 1055 1174 1087 Passim.
1210 1056 1268 1087 See
1293 1057 1345 1087 In-

839 1094 898 1123 dex
917 1100 946 1123 to
962 1095 1066 1125 Notes.

877 1134 1003 1172 intereo]
1022 1134 1237 1172 Perii‚interii.
1262 1136 1342 1165 And.

839 1172 869 1201 ii.
881 1171 910 1208 2,
922 1173 949 1202 9.
973 1173 1050 1203 Hec.
1065 1174 1107 1204 iii.
1120 1173 1146 1211 l,
1158 1174 1205 1204 42.
1229 1175 1342 1204 Heaut.

837 1212 875 1240 iv.
894 1210 921 1247 1,
934 1211 982 1241 46.

876 1251 1010 1289 interest]
1049 1251 1192 1282 Paullum
1209 1253 1344 1283 interesse

836 1291 963 1318 censes?
984 1291 1066 1320 And.
1083 1291 1123 1320 iv.
1137 1292 1164 1325 4,
1173 1291 1219 1321 55.
1241 1292 1344 1322 Stulto

838 1328 937 1358 intelli
959 1339 1012 1358 ens
1024 1331 1095 1368 quid
1108 1331 1246 1360 interest?
1261 1331 1342 1360 Eun.

838 1368 868 1396 ii.
885 1367 914 1404 2,
934 1339 962 1397 2.
1006 1369 1100 1405 Quasi
1124 1380 1195 1399 vero
1219 1371 1343 1407 paulum

837 1407 976 1437 intersiet.
1000 1407 1080 1438 Eun.
1099 1409 1136 1438 iv.
1153 1410 1182 1446 4,
1201 1408 1245 1439 18.
1276 1409 1345 1438 Hoc

837 1450 922 1484 pater
956 1456 989 1475 ac
1030 1447 1174 1477 dominus
1216 1449 1343 1479 interest.

839 1484 974 1523 Adelph.
991 1485 1012 1515 i.
1026 1484 1054 1522 1,
1069 1486 1116 1516 51.
1141 1487 1280 1516 Nimium
1297 1488 1344 1517 in-

838 1529 884 1552 ter
912 1534 974 1561 vos,
1000 1526 1183 1562 pernimium
1218 1527 1343 1557 interest.

839 1563 971 1601 Adelph.
990 1564 1033 1593 iii.
1050 1563 1078 1598 3.
1092 1564 1138 1594 39.

877 1602 1036 1643 intetficio]
1055 1604 1085 1633 N
1087 1614 1146 1634 unc
1157 1609 1202 1634 est
1212 1605 1345 1644 profecto

837 1642 964 1680 interfici
978 1653 1073 1681 quum
1087 1653 1123 1682 pe
1159 1645 1201 1673 eti
1215 1655 1265 1674 me
1279 1655 1345 1684 pos-

838 1690 915 1710 sum.
939 1680 1019 1711 Eun.
1035 1683 1078 1712 iii.
1094 1654 1165 1718 53.

876 1720 1012 1760 interim]
1064 1721 1174 1752 Tristis
1214 1723 1345 1760 interim,

839 1769 964 1788 nonnun
990 1770 1061 1790 uam
1108 1761 1343 1792 collacrimabat.

839 1797 921 1827 And.
939 1800 957 1828 i.
995 1823 1002 1834 ,
1018 1799 1065 1829 81.
1109 1800 1215 1830 Funus
1227 1802 1346 1831 interim

839 1838 980 1875 procedit.
1004 1839 1085 1869 And.
1102 1840 1121 1869 i.
1141 1839 1167 1875 l,
1184 1839 1248 1870 100.
1285 1841 1345 1871 Sed

838 1877 959 1906 interim
981 1878 1018 1907 de
1043 1878 1187 1916 symbolis
1210 1881 1283 1918 quid
1297 1890 1345 1910 ao-

838 1920 904 1944 tum
919 1918 987 1945 est?
1009 1917 1089 1947 Eun.
1106 1919 1150 1948 iii.
1166 1918 1194 1955 5,
1210 1919 1256 1949 59.
1291 1919 1345 1949 In-

838 1955 925 1984 terim
947 1956 1021 1985 dum
1046 1962 1117 1986 ante
1146 1959 1259 1988 ostium
1288 1963 1343 1988 sto.

839 1993 918 2023 Eun.
935 2005 962 2024 V.
978 1994 1008 2032 2,
1029 1995 1057 2025 3.
1101 1996 1149 2027 Cf.
1175 1997 1288 2027 Heaut.
1313 1999 1342 2028 ii.

838 2032 866 2070 3,
889 2032 964 2071 l36;
986 2045 1014 2064 v.
1039 2034 1064 2071 1,
1086 2035 1113 2064 9.
1159 2036 1290 2076 Adelph.
1311 2038 1342 2067 ii.

837 2071 866 2108 4,
881 2071 930 2101 20.
972 2073 1048 2103 Hec.
1065 2075 1084 2103 i.
1100 2074 1128 2109 2,
1146 2074 1211 2105 103.

877 2111 1031 2150 interimo]
1054 2113 1249 2144 Interemtam
1259 2125 1344 2154 opor-

838 2150 906 2179 tuit.
930 2151 1044 2180 Heaut.
1062 2153 1101 2182 iv.
1122 2152 1147 2189 l,
1162 2153 1210 2183 22.

876 2188 1013 2228 interior]
1035 2190 1073 2219 In
1097 2191 1236 2221 interiore
1260 2197 1345 2231 parte

837 2231 872 2255 ut
897 2237 1036 2257 maneam
1059 2229 1142 2259 solus
1171 2240 1243 2260 cum
1270 2231 1342 2261 sola.

838 2264 918 2295 Eun.
936 2266 978 2296 iii.
995 2267 1023 2303 5,
1039 2267 1085 2297 31.

875 2304 1056 2344 interloquor
1098 2306 1201 2338 Sicine
1212 2308 1286 2337 mihi
1299 2309 1343 2338 in-

836 2342 1019 2382 tertoquere?
1075 2351 1153 2376 eaut.
1171 2347 1210 2377 iv.
1228 2348 1256 2383 3,
1275 2347 1318 2377 13.

874 2382 1062 2419 interminor]
1131 2385 1345 2416 Interminatus

836 2429 903 2449 sum
927 2431 966 2450 ne
994 2422 1115 2454 faceres.
1140 2425 1223 2455 And.
1250 2426 1293 2455 iii.
1314 2425 1344 2464 2,

839 2458 882 2488 16.
926 2460 1059 2492 Istucine
1073 2464 1265 2494 interminata
1276 2475 1342 2494 sum

835 2496 906 2565 illitus
931 2500 1036 2531 abiens
1058 2503 1142 2532 tibi?
1172 2503 1256 2534 Eun.
1270 2514 1298 2534 V.
1317 2504 1342 2541 l,

842 2613 848 2619 ²
874 2576 1049 2618 intermitto]
1069 2579 1236 2619 Nunquam
1247 2592 1342 2612 unum

835 2617 1003 2646 intermittit
1023 2618 1105 2648 diem
1130 2621 1203 2657 quin
1226 2630 1343 2660 semper

835 2654 946 2684 veniat.
971 2656 1102 2696 Adelph.
1120 2659 1163 2688 iii.
1183 2658 1208 2695 l,
1220 2659 1249 2688 6.

867 2693 1078 2734 internuntius]
1091 2698 1196 2734 Quum
1208 2698 1234 2736 ej
1240 2709 1273 2728 us
1279 2704 1341 2728 tam

834 2731 1031 2771 negliguntur
1052 2735 1233 2766 internuntii.
1278 2738 1341 2768 He-

833 2775 895 2799 aut.
918 2772 947 2800 ii.
969 2771 997 2803 3.
1019 2773 1066 2803 58.
1111 2775 1158 2804 Ne
1179 2777 1245 2814 quis
1263 2777 1341 2807 forte

833 2808 1028 2841 internuntius
1051 2812 1130 2842 clam
1145 2825 1163 2843 a
1178 2815 1278 2844 milite
1303 2818 1339 2845 ad

833 2848 920 2877 istam
936 2856 1043 2880 θυι-εει.
1068 2851 1149 2883 Eun.
1167 2854 1195 2883 ii.
1213 2853 1241 2884 2.
1258 2854 1304 2884 56.

871 2886 982 2927 inter-o]
1021 2890 1101 2920 Tute
1128 2891 1184 2921 hoc
1211 2894 1338 2923 intristi:

832 2925 889 2955 tibi
924 2937 1013 2958 omne
1046 2934 1093 2958 est
1136 2932 1336 2962 exedendum.

831 2963 956 2996 Phorm.
973 2968 1004 2997 ii.
1021 2967 1050 3005 2,
1066 2970 1094 2998 4.

869 3004 1029 3043 interroyo]
1051 3007 1145 3038 Recte
1160 3019 1230 3039 sane
1245 3011 1337 3041 inter-

829 3044 951 3082 royasti.
973 3045 1054 3078 Eun.
1070 3057 1098 3078 V.
1114 3046 1144 3085 5,
1162 3046 1206 3079 ll.

1434 390 1696 432 intertrimentum]
1720 392 1793 424 Sine
1819 403 1902 433 mag-

1396 439 1434 459 no
1469 430 1681 462 intertrimento
1708 442 1770 462 non
1804 438 1903 473 potent

1396 469 1508 499 haberi.
1532 469 1647 501 Heaut.
1663 471 1703 501 iii.
1722 471 1748 508 l,
1763 471 1810 502 39.

1434 509 1611 549 intervenio]
1653 510 1785 549 Sponsae
1818 515 1903 551 pater

1397 548 1560 578 intervenit.
1605 549 1686 579 And.
1722 551 1762 580 iv.
1793 549 1822 586 3,
1853 550 1898 583 17.

1398 587 1604 617 Neminemne
1630 590 1782 619 curiosum
1810 590 1901 620 inter-

1397 627 1495 655 venire
1509 637 1590 656 nunc
1605 627 1690 658 mihi.
1714 628 1794 658 Eun.
1811 629 1857 660 iii.
1871 628 1902 667 5,

1397 665 1423 694 5.
1468 665 1517 695 De
1549 666 1713 704 improviso
1731 677 1740 687 “¹
1756 668 1902 698 interten-

1397 708 1458 733 tum
1474 710 1519 734 est
1533 705 1665 736 mulieri.
1690 706 1802 737 Heaut.
1825 709 1854 737 ii.
1871 707 1901 744 3,

1396 743 1444 773 40.
1488 744 1584 774 Nulla
1605 745 1683 774 mihi
1705 756 1752 775 res
1799 748 1902 777 nathae

1397 788 1494 828 potest
1500 784 1675 814 intervenire
1680 790 1771 814 tanta.
1779 756 1897 817 11104111.

1397 832 1436 852 1V.
1453 822 1481 856 3,
1500 822 1523 852 l.
1545 823 1669 853 Novum
1685 825 1842 854 intervenit
1855 825 1902 855 Vi·

1399 862 1477 890 tium
1491 867 1522 891 et
1533 861 1698 893 calamitas.
1723 863 1800 893 Hec.
1817 863 1899 895 Prol.

1396 899 1423 930 2.
1448 901 1535 937 Quae
1560 902 1642 931 inter
1660 911 1712 932 vos
1735 903 1900 934 intervenit.

1398 939 1476 970 Hec.
1511 941 1554 970 iii.
1577 940 1606 976 2,
1642 939 1688 971 16.
1737 941 1903 973 Intervenit

1396 979 1570 1009 adolescens
1584 980 1710 1019 quidam
1730 980 1900 1013 lam-imaus.

1397 1018 1520 1048 Phorm.
1537 1020 1557 1048 i.
1573 1019 1602 1055 2,
1616 1019 1664 1050 41.

1434 1057 1571 1097 intimus]
1595 1059 1682 1097 Ipsus
1703 1059 1779 1089 mihi
1795 1059 1902 1090 Davus

1395 1097 1448 1135 qui
1459 1097 1581 1126 intimus
1589 1104 1635 1127 est
1643 1108 1747 1128 eorum
1755 1098 1902 1135 consiliis,

1395 1137 1482 1166 dixit.
1506 1137 1588 1166 And.
1614 1137 1659 1167 iii.
1680 1137 1709 1174 3,
1729 1138 1779 1168 44.
1820 1138 1903 1169 Tute

1395 1176 1452 1204 scis
1466 1175 1586 1214 postilla
1599 1186 1689 1215 quam
1702 1178 1837 1207 intimum
1846 1177 1901 1208 ha.-

1395 1215 1481 1243 beam
1497 1220 1536 1245 te.
1560 1215 1641 1245 Eun.
1659 1217 1677 1246 i.
1693 1215 1722 1254 2,
1734 1216 1782 1248 47.

1434 1254 1529 1292 intro]
1555 1254 1680 1284 Passim.

1434 1293 1603 1331 introduco]
1629 1293 1696 1324 Hos
1729 1294 1792 1324 rins
1805 1295 1900 1325 intro-

1395 1331 1511 1361 ducam.
1536 1332 1616 1362 Eun.
1642 1333 1685 1362 iii.
1730 1357 1738 1370 ,
1760 1333 1807 1364 39.
1851 1334 1900 1364 Tu

1395 1372 1461 1400 istic
1486 1381 1585 1407 mane,
1610 1376 1646 1401 ut
1666 1371 1831 1403 Chremem
1855 1374 1903 1404 in-

1395 1410 1542 1440 iroduoas.
1566 1410 1646 1440 Eun.
1662 1421 1691 1442 V.
1706 1411 1736 1446 2,
1752 1411 1798 1444 70.
1829 1413 1903 1443 Fra-

1397 1454 1474 1478 trem
1510 1473 1516 1480 .
1538 1472 1544 1479 .
1571 1473 1578 1480 .
1611 1451 1693 1480 senis
1724 1452 1901 1482 introduoeit.

1397 1487 1520 1518 Phorm.
1537 1499 1565 1518 V.
1581 1489 1610 1525 6,
1625 1489 1672 1519 25.

1434 1527 1564 1567 introeo]
1587 1528 1720 1558 Introire
1743 1530 1901 1560 neminem

1395 1567 1494 1601 Video,
1521 1569 1606 1597 exire
1629 1569 1794 1599 neminem.
1817 1570 1900 1600 And.

1396 1607 1426 1635 ii.
1443 1605 1471 1639 2,
1487 1606 1535 1636 26.
1577 1607 1643 1636 Cur
1666 1617 1728 1637 non
1752 1613 1834 1638 recta
1855 1609 1901 1638 in-

1394 1645 1527 1675 troibas?
1549 1645 1630 1676 Eun.
1646 1647 1664 1676 i.
1681 1646 1710 1683 2,
1725 1647 1753 1681 7.
1778 1647 1840 1684 Qui
1855 1648 1902 1677 Vi-

1395 1684 1473 1713 disse
1497 1694 1567 1714 eum
1592 1686 1706 1715 diceret
1737 1691 1902 1717 exeuntem

1395 1728 1448 1752 aut
1474 1724 1668 1754 introeuntem
1695 1725 1731 1754 ad
1759 1727 1899 1757 amicum.

1397 1762 1475 1793 Hec.
1503 1763 1544 1792 iv.
1575 1762 1602 1801 1,
1631 1763 1677 1794 36.
1719 1764 1845 1795 Introiit
1867 1766 1902 1795 in

1395 1802 1484 1831 aedes
1528 1807 1595 1832 ater
1641 1803 1759 1834 alienus
1808 1805 1901 1835 canis.

1396 1840 1519 1871 Phorm.
1536 1842 1576 1871 iv.
1591 1842 1621 1879 4,
1634 1842 1683 1872 25.

1434 1881 1614 1919 intromitto]
1649 1882 1740 1918 Quod
1763 1881 1831 1912 heri
1855 1883 1902 1912 in-

1395 1921 1547 1949 tromissus
1561 1930 1622 1950 non
1639 1926 1698 1951 est.
1739 1920 1820 1951 Eun.
1836 1922 1856 1952 i.
1871 1921 1902 1959 2,

1396 1958 1423 1988 3.
1465 1959 1645 1989 Phaedriam
1673 1961 1902 1991 commissatum

1394 1996 1633 2066 gigremittamus.
1677 1998 1759 2030 Eun.
1792 2000 1837 2030 iii.
1869 1999 1896 2037 1,

1433 2076 1634 2115 introrumpo]
1654 2076 1748 2107 Cesso
1771 2077 1833 2108 huc
1853 2078 1900 2108 in-

1393 2116 1599 2153 trorumpere?
1621 2115 1701 2145 Eun.
1718 2126 1745 2146 V.
1761 2116 1791 2153 5,
1805 2116 1853 2147 26.

1426 2154 1557 2192 intueor]
1576 2154 1701 2184 Terram
1711 2155 1826 2185 intuens
1834 2165 1901 2186 mo-

1394 2193 1485 2222 deste.
1510 2192 1590 2223 Eun.
1613 2193 1656 2223 iii.
1679 2193 1708 2229 5,
1724 2193 1770 2224 32.
1808 2195 1901 2232 Quis-

1393 2241 1463 2260 nam
1491 2231 1541 2260 hic
1569 2231 1744 2262 adolescens
1765 2238 1820 2270 est,
1865 2235 1900 2264 ui

1393 2270 1519 2299 intuitur
1532 2273 1612 2300 nos?
1634 2271 1748 2302 Heaut.
1761 2273 1793 2303 ii.
1805 2273 1835 2310 4,
1890 2296 1898 2304 .

1432 2309 1524 2348 intus]
1549 2310 1676 2340 Passim.

1432 2349 1557 2387 invado]
1586 2350 1638 2378 An
1666 2349 1754 2380 dolor
1777 2355 1900 2390 repente

1392 2387 1524 2417 invasit?
1547 2388 1622 2418 Hec.
1639 2389 1680 2419 iii.
1697 2389 1726 2427 2,
1740 2388 1788 2419 21.

1432 2427 1561 2464 invenio]
1584 2427 1655 2457 Tibi
1679 2438 1824 2467 generum
1846 2428 1899 2459 fir-

1392 2475 1489 2502 mum,
1505 2470 1536 2495 et
1550 2465 1630 2496 filiae
1644 2467 1773 2497 invenies
1786 2468 1897 2499 virum.

1394 2504 1475 2534 And.
1493 2505 1534 2535 iii.
1560 2505 1587 2542 3,
1609 2505 1655 2535 39.
1700 2506 1832 2545 Aliquid
1853 2508 1900 2537 in-

1391 2544 1460 2572 veni
1479 2545 1570 2574 modo
1596 2545 1678 2584 quod
1701 2555 1792 2576 ames.
1816 2545 1897 2576 Eun.

1392 2583 1422 2611 ii.
1441 2582 1468 2619 3,
1485 2582 1531 2619 17,
1544 2589 1575 2613 et
1588 2585 1698 2622 passim
1714 2583 1798 2614 alibi.

1431 2622 1580 2662 inventor]
1605 2623 1779 2653 Omearum
1793 2623 1900 2664 volup-

1391 2664 1489 2690 tatum
1518 2662 1657 2691 omnium
1685 2663 1828 2699 inventor,
1850 2664 1899 2692 in-

1391 2704 1502 2738 ceptor,
1514 2701 1668 2738 perfector.
1692 2701 1774 2731 Eun.
1787 2711 1816 2732 V.
1827 2701 1857 2739 8,
1868 2701 1896 2733 5.

1430 2739 1593 2774 inventum!
1636 2739 1680 2769 Ut
1707 2746 1738 2770 te
1771 2741 1895 2780 quidem

1391 2787 1496 2807 omnes
1513 2778 1566 2807 Dii
1585 2778 1738 2818 Deaeque,
1756 2788 1826 2809 cum
1842 2783 1897 2810 tuo

1390 2818 1465 2846 istoc
1483 2818 1608 2853 invento,
1623 2827 1754 2857 cumque
1777 2819 1897 2858 incepto

1389 2857 1538 2894 perduint.
1563 2856 1674 2886 Heaut.
1690 2857 1731 2886 iV.
1749 2855 1777 2892 6,
1793 2857 1820 2888 7.

1427 2895 1607 2934 invenustus]
1638 2896 1767 2924 Adeone
1794 2895 1896 2926 homi-

1388 2944 1456 2963 nem
1473 2944 1537 2963 esse
1552 2935 1734 2963 invenustum
1748 2939 1803 2964 aut
1818 2936 1895 2965 infe-

1388 2973 1476 3002 licem
1492 2983 1676 3012 quemquam
1686 2980 1720 3003 ut
1734 2983 1789 3013 ego
1798 2983 1868 3004 sum
1878 2976 1895 3004 Ρ

1388 3012 1468 3042 And.
1485 3013 1504 3042 i.
1521 3012 1550 3049 5,
1568 3011 1612 3042 10.

1359 3063 1364 3091 1
1424 3051 1574 3089 inversus]
1618 3051 1745 3082 Inversa
1791 3051 1892 3089 verbu,
