2020 3412
281 268 366 310 354

957 267 1222 310 HEOYRA.

397 382 558 425 Itidem
577 382 678 425 illae
696 382 897 425 mulieres
917 387 1017 425 sunt
1038 381 1172 423 ferme
1191 385 1240 423 ut
1260 380 1384 437 pueri
1402 381 1490 424 levi
1509 382 1732 426 sententia.

396 448 592 491 Fortasse
623 464 759 490 unum
791 448 964 503 aliquod
995 448 1175 489 verbum
1205 447 1319 488 inter
1350 463 1420 490 eas
1458 448 1569 490 iram
1602 449 1714 492 hanc
1753 449 1891 493 conci-

453 512 575 554 visse.

395 577 516 619 Pam.
549 576 649 627 Abi,
673 577 898 625 Parmeno,
921 575 1036 616 intro
1057 590 1106 617 ac
1126 590 1194 616 me
1215 575 1381 618 venisse
1405 576 1572 619 nuntia.

455 642 560 698 quid
580 643 660 683 hoc
682 642 779 683 est?
838 640 959 681 Pam.
983 639 1104 682 Tace.

1633 577 1739 620 Par.
1762 577 1890 629 Hem,

398 706 622 763 Trepidari
653 706 789 749 sentio
821 711 864 748 et
891 705 1053 747 cursari
1086 722 1257 748 rursum
1287 722 1494 763 prorsum.
1555 708 1660 750 Par.
1691 707 1894 765 Agedum

456 773 510 814 ad
531 773 641 815 fores

396 838 565 880 Accede
584 838 773 893 propius.

454 975 585 1012 vetas.

396 1034 487 1087 My.
527 1035 636 1076 Tace
677 1035 847 1076 obsecro
886 1049 981 1076 mea
1021 1039 1166 1090 gnata.

454 1099 751 1142 Philumenae.

396 1165 555 1208 Nullus
590 1181 696 1207 sum.
758 1165 862 1207 Par.
898 1164 1089 1212 Quidum
1102 1166 1122 1207 Ρ

1848 787 1893 817 35

835 837 964 887 Hem,
987 837 1222 880 sensistin?
1280 838 1401 880 Pam.
1434 839 1538 882 Noli
1557 817 1800 882 fabular-ier.

397 904 482 945 Pro
522 905 551 945 J
552 903 720 960 upiterl
773 903 1003 946 clamorem
1052 903 1210 945 audivi.

1286 904 1390 946 Par.
1424 904 1533 947 Tute
1581 905 1780 962 loqueris,
1824 921 1895 948 me

1227 1034 1348 1077 Pam.
1382 1035 1537 1078 Matris
1576 1051 1662 1078 vox
1699 1036 1792 1080 visa
1831 1042 1895 1079 est

1181 1166 1302 1208 Pam.
1334 1165 1478 1208 Perii!
1539 1167 1644 1209 Par.
1678 1166 1893 1215 Quamob-

455 1245 547 1272 rem
564 1231 584 1272 Ρ
643 1231 764 1272 Pam.
787 1230 942 1272 Nescio
963 1231 1077 1286 quod
1095 1246 1304 1287 magnum
1323 1232 1486 1274 malum

398 1295 609 1346 Profecto,
633 1295 858 1346 Parmeno,
880 1311 949 1338 me
969 1295 1092 1338 celas.

1155 1296 1259 1338 Par.
1282 1296 1476 1339 Uxorem
1496 1296 1800 1340 Philumenam
1849 1310 1895 1340 40

398 1360 600 1403 Pavitare
620 1362 762 1403 nescio
783 1362 889 1417 quid
908 1362 1136 1403 dixerunt:
1168 1362 1214 1403 id
1234 1363 1270 1404 si
1290 1362 1400 1404 forte
1421 1367 1484 1404 est
1503 1363 1656 1405 nescio.

399 1427 520 1468 Pam.
554 1427 722 1468 Interii.

457 1507 551 1533 ram
570 1507 656 1533 una
678 1491 833 1533 omnia.

397 1556 519 1598 Pam.
555 1556 672 1603 Quid
705 1557 843 1598 morbi
879 1562 942 1598 est
956 1558 976 1599 Ρ

455 1623 670 1665 medicum
689 1622 870 1664 adduxit
887 1623 906 1664 P

288 1729 478 1767 Audierat,''
515 1730 596 1762 Aen.
616 1730 638 1762 i.
658 1731 707 1763 19.
754 1732 762 1748 ⁴
778 1730 862 1764 Quia
886 1730 991 1769 enim}
1018 1741 1070 1761 oc-

291 1782 362 1803 curs
377 1774 411 1804 in
424 1774 566 1811 Plautus,
579 1774 774 1814 Amphitruo
790 1774 821 1804 ii.
838 1777 870 1805 2.
885 1776 946 1805 43:
972 1777 992 1792 '⁴
1006 1774 1072 1808 Qui

289 1816 350 1847 tibi
378 1817 462 1847 istuc
487 1817 521 1847 in
559 1821 700 1848 mentem
729 1817 843 1848 venit?
905 1818 960 1848 So.
987 1817 1073 1851 Quia

289 1860 374 1890 enim
413 1870 471 1891 suo
508 1860 728 1898 advenimus‚’'
760 1860 824 1890 and
856 1860 890 1890 in
919 1861 1071 1897 Terence,

293 1902 413 1934 Heaut.
430 1904 451 1934 i.
468 1906 498 1934 2.
518 1905 578 1934 14:
614 1906 634 1921 “
648 1903 875 1944 Quapropter?
914 1904 960 1935 cl.
989 1904 1074 1937 Quia

291 1946 376 1976 enim
403 1947 560 1977 incertum
577 1949 627 1977 est
652 1947 759 1982 etiam,
785 1946 861 1987 quid
886 1957 920 1977 se
943 1946 1072 1984 saciat‚”

290 1989 332 2020 iv.
349 1991 380 2020 5.
398 1992 461 2020 52:
488 1993 508 2008 ‘⁸
520 1990 737 2023 Quamobrem
753 1990 764 2019 ?
812 1991 869 2029 Sy.
887 1990 972 2023 Quia
986 1990 1073 2021 enim

292 2032 326 2062 in
341 2033 428 2063 hunc
442 2033 580 2073 suspicio
590 2036 640 2064 est
653 2033 821 2063 Translata
835 2032 988 2064 amoris.”
1012 2033 1074 2063 We

292 2085 367 2115 may
396 2077 549 2107 translate
582 2076 637 2106 the
674 2077 790 2116 phrase
829 2076 988 2116 ‘Namely
1018 2075 1073 2106 be-

293 2117 408 2149 cause.'
454 2119 518 2150 For
542 2119 599 2150 the
633 2119 749 2159 phrase
777 2119 959 2149 ‘infirmum
992 2118 1074 2159 (ani-

290 2160 539 2235 gxlizmgfierunt
551 2162 560 2177 ’
577 2172 725 2203 compare
739 2162 851 2202 Virgil,
871 2162 1005 2193 Aeneid.
1028 2162 1072 2192 ix.

359 2227 367 2242 ,
457 2227 465 2234 .

558 2264 695 2295 Necnon
710 2267 743 2295 et
757 2264 890 2305 pulcher
905 2264 1006 2302 Iulus,

333 2305 422 2337 Ante
435 2316 537 2337 annos
551 2308 758 2348 animumque
771 2317 884 2348 gerens
900 2317 1072 2348 curamque
1127 2309 1147 2324 ‘⁴

378 2348 500 2379 virilem
514 2349 548 2387 ;'’

291 2416 354 2448 and
371 2416 514 2454 Plautus,
527 2417 687 2449 Poenulus
701 2419 746 2450 iii.
763 2419 794 2449 6.
814 2419 961 2450 16-18:

304 2479 325 2495 “
340 2477 459 2508 Verum
485 2477 530 2508 ita
552 2480 628 2509 sunt
656 2477 800 2518 [omnes]
827 2478 880 2509 isti
900 2478 1001 2508 nostri
1024 2478 1071 2509 di-

338 2520 479 2613 Siviiiiid
507 2562 590 2594 bene
618 2562 723 2601 facias,
753 2563 853 2594 levior
885 2564 995 2604 pluma
1024 2567 1073 2595 est

336 2648 370 2679 Si
380 2609 649 2722 ἓέἓῗρεοωωω
674 2650 733 2686 est,
749 2648 915 2688 plumbeas
936 2649 998 2681 iras
1017 2660 1072 2690 ge-

293 2759 500 2800 Lindenbrog
518 2762 631 2800 quotes
651 2759 818 2791 Lueretius
833 2759 877 2790 iii.
894 2761 968 2797 447,
986 2762 1068 2791 448:

304 2822 325 2837 ‘⁴
338 2820 425 2850 Nam
447 2819 536 2850 velut
557 2812 684 2853 infirmo
707 2818 797 2860 pueri
819 2820 995 2860 teneroque
1018 2830 1072 2850 va-

379 2865 495 2903 gantur

337 2905 488 2955 Corpore.
499 2905 566 2963 „sic
599 2904 697 2936 animi
734 2904 878 2946 sequitur
914 2905 1073 2936 sententia

378 2951 494 2979 tenuis.

334 3016 388 3048 33.
411 3016 564 3050 Fortasse
586 3038 595 3049 .
612 3038 621 3048 .
638 3038 648 3051 ,
669 3017 755 3050 iram
775 3016 859 3049 hanc
879 3015 1068 3061 concivisse]

1035 1557 1139 1599 Par.
1171 1557 1341 1600 Nescio.

965 1622 1069 1664 Par.
1101 1623 1268 1666 Nescio.

785 1426 872 1468 Cur
892 1427 1002 1468 mihi
1021 1426 1068 1467 id
1086 1442 1174 1469 non
1195 1427 1341 1470 dixti?
1399 1428 1503 1471 Par.
1538 1428 1651 1475 Quia
1669 1444 1757 1471 non
1775 1433 1893 1485 pote-

1402 1557 1523 1599 Pam.
1559 1558 1675 1606 Quid
1690 1560 1710 1601 P
1738 1575 1896 1602 nemon

1116 1730 1251 1771 Bentley
1262 1730 1338 1762 here
1353 1741 1506 1772 proposes
1523 1733 1530 1748 ‘
1544 1732 1726 1770 concivisse,
1738 1731 1831 1763 here’
1846 1732 1898 1764 for

1117 1773 1329 1813 ‘conciverstss
1361 1775 1463 1805 which
1489 1775 1515 1806 is
1539 1775 1596 1806 the
1623 1775 1756 1816 reading
1781 1776 1818 1807 of
1841 1776 1899 1807 the

1116 1827 1265 1848 common
1294 1820 1373 1848 text.
1421 1821 1428 1835 ‘
1443 1817 1643 1849 Conciverit'
1672 1819 1700 1850 is
1728 1819 1895 1857 awkward,

1116 1860 1180 1890 and
1205 1861 1324 1891 throws
1352 1861 1408 1891 the
1432 1864 1534 1892 metro
1556 1864 1624 1892 out.
1667 1862 1816 1893 Donatus
1841 1871 1896 1893 ex-

1117 1903 1238 1944 pressly
1268 1904 1389 1934 notices
1426 1905 1482 1935 the
1517 1905 1649 1946 reading
1678 1908 1687 1923 ‘
1701 1903 1897 1942 oondvisse:

1117 1947 1180 1977 and
1196 1957 1268 1987 says
1284 1949 1304 1964 “
1318 1947 1402 1978 Nam
1419 1951 1541 1979 veteres
1556 1948 1715 1979 infinitivo
1728 1948 1826 1979 modo
1839 1948 1897 1979 ad-

1114 1990 1294 2029 jungebant
1312 1990 1497 2029 fortwsel’
1541 1991 1604 2022 We
1640 2001 1715 2032 may
1743 1991 1898 2022 conclude

1117 2033 1277 2063 therefore
1291 2034 1362 2064 that
1378 2034 1570 2065 “concivisse
1583 2033 1591 2047 ’
1606 2035 1634 2065 is
1649 2035 1706 2066 the
1718 2037 1792 2065 true
1804 2034 1896 2065 md-

1118 2076 1191 2115 ing;
1224 2076 1280 2106 the
1305 2077 1372 2107 line
1399 2076 1567 2117 becoming
1590 2087 1631 2108 an
1657 2077 1774 2108 iambic
1797 2080 1897 2108 tetra-

1118 2123 1219 2150 meter
1231 2120 1402 2150 catalectic.
1425 2119 1544 2150 Where
1555 2120 1692 2161 Bentley
1701 2123 1772 2160 gets
1784 2122 1792 2138 ‘
1803 2119 1896 2151 here'

1117 2162 1198 2192 from
1216 2162 1233 2192 I
1254 2166 1372 2192 cannot
1397 2162 1543 2202 imagine.
1588 2163 1652 2194 We
1674 2163 1742 2194 find
1766 2162 1822 2194 the
1846 2163 1897 2194 in-

1117 2205 1238 2235 finitiva
1266 2205 1345 2235 with
1378 2205 1388 2221 ‘
1401 2205 1553 2237 fortasse'
1577 2205 1612 2236 in
1638 2206 1782 2244 Plautus,
1806 2206 1896 2237 Mer-

1116 2251 1204 2278 cator
1218 2248 1258 2278 iv.
1276 2249 1306 2278 4.
1323 2249 1385 2279 42:
1766 2247 1771 2250 ”

1262 2306 1409 2338 Fortasse
1421 2310 1455 2338 te
1469 2308 1567 2339 istum
1582 2308 1690 2339 mirari
1704 2318 1855 2350 coquum,

1160 2350 1255 2383 Quod
1271 2351 1357 2381 venit
1371 2356 1468 2391 atque
1482 2351 1561 2382 haec
1575 2352 1684 2382 attulit
1696 2350 1728 2389 ;'’

1115 2418 1177 2449 and
1194 2419 1354 2450 Poenulus
1369 2430 1398 2451 v.
1414 2422 1447 2451 2.
1463 2421 1517 2458 43,
1533 2421 1575 2452 44
1588 2432 1597 2451 z

1128 2480 1149 2496 ‘⁴
1162 2479 1225 2518 Ay.
1244 2479 1330 2512 Quid
1345 2479 1413 2510 ait?
1457 2481 1521 2511 Mi.
1537 2480 1690 2512 Miseram
1715 2490 1785 2513 esse
1805 2491 1896 2522 prae-

1204 2521 1288 2552 dicat
1303 2522 1435 2553 buccam
1451 2523 1522 2553 sibi.

1161 2563 1309 2596 Fortasse
1324 2566 1463 2596 medicos
1478 2576 1537 2597 nos
1552 2576 1622 2598 esse
1635 2566 1852 2598 arbitrarierl'

1118 2631 1277 2672 Compare
1313 2632 1474 2663 ‘scilicet'
1500 2634 1534 2664 in
1551 2634 1669 2665 Heaut.
1695 2635 1727 2665 ii.
1750 2635 1783 2666 3.
1813 2635 1894 2672 117:

1118 2677 1150 2747 “h
1151 2675 1279 2706 Scilicet
1307 2675 1467 2707 facturum
1497 2686 1550 2707 me
1582 2675 1687 2715 esse,’'
1724 2677 1788 2708 and
1817 2681 1896 2708 note

1115 2720 1130 2747 t
1154 2728 1216 2748 ere.

1158 2762 1210 2791 35.
1240 2761 1374 2792 Cursori
1397 2771 1528 2792 rursum
1544 2761 1719 2802 proruam]
1766 2762 1803 2792 ⁴1
1818 2762 1898 2794 hear

1116 2813 1136 2833 a
1150 2803 1256 2833 bustle
1270 2804 1304 2833 in
1318 2803 1376 2834 the
1393 2804 1503 2840 house,
1526 2804 1589 2834 and
1603 2815 1624 2835 a
1636 2805 1778 2845 running
1798 2805 1896 2836 back-

1115 2846 1218 2876 wards
1247 2848 1310 2876 and
1341 2846 1515 2877 forwardsl
1577 2847 1640 2877 For
1675 2847 1732 2878 the
1768 2847 1897 2879 derived

1116 2898 1208 2918 sense
1223 2889 1260 2918 of
1272 2888 1457 2928 ‘prorsum'
1474 2899 1526 2920 see
1550 2893 1628 2920 note
1652 2900 1695 2920 on
1720 2890 1896 2922 Eunuchus

1115 2941 1146 2961 v.
1163 2932 1194 2961 8.
1211 2933 1263 2961 52.
1323 2931 1362 2961 In
1385 2932 1562 2963 Eunuchus
1584 2933 1617 2963 ii.
1635 2935 1665 2964 2.
1683 2934 1725 2970 47
1745 2943 1792 2964 we
1814 2934 1896 2964 have

1117 2976 1126 2992 ‘
1139 2983 1266 3004 sursum
1303 2974 1453 3005 deorsum
1467 2975 1475 2989 ’
1505 2975 1540 3006 in
1569 2976 1626 3006 the
1655 2985 1748 3010 sense
1776 2975 1814 3007 of
1837 2976 1896 3007 the

1115 3018 1194 3049 text.
1241 3016 1300 3049 See
1315 3020 1401 3048 note.
